2051 3001
577 206 886 243 OBSERVA'rloNEs
918 207 1212 243 Pnrconocicffl.
1618 211 1638 244 2
1647 211 1664 244 1

86 325 170 348 cum
199 310 415 359 sporangiis
450 308 488 344 in
519 313 627 357 parte
654 307 774 343 basali
802 307 949 343 laminae
977 308 1090 354 inque
1120 313 1280 356 utroque
1308 308 1427 345 latere
1457 309 1540 356 sita,
1560 314 1717 357 utraque

86 370 208 406 forma
235 369 426 418 paululum
455 366 673 403 recedentia
701 379 722 402 a
743 366 1075 402 Laminariearum.

216 452 365 484 Costarm
389 455 421 482 et
446 450 642 492 Cymathoere
678 454 752 481 sunt
787 459 910 490 genera
945 450 1041 481 valde
1077 450 1193 481 affinia
1227 454 1259 481 et
1296 450 1416 491 nescio,
1441 461 1481 482 an
1504 452 1576 492 jure
1602 452 1717 483 distin-

86 504 227 544 guenda,
253 512 323 534 cum
349 511 457 532 eorum
483 501 691 533 characteres
716 502 784 532 fere
808 501 1018 532 conveniant.

289 650 321 683 1.
365 646 700 684 OYMATHAERE
730 646 1032 682 TRIPLIOATA
1062 647 1183 693 (Post.
1215 651 1252 682 et
1279 646 1410 695 Rupr.)
1444 647 1479 683 J.
1508 647 1580 695 Ag.

141 735 210 772 Syn.
258 736 431 763 Laminam'a
455 735 599 771 triplicata
623 734 702 761 Post.
729 736 757 760 et
782 733 869 770 Rupr.
896 733 990 761 Illust.
1016 734 1072 769 alg.
1101 744 1128 770 p.
1157 734 1205 761 10.

262 786 432 823 Oymatlzcw·e
456 786 599 822 triplicata
623 785 649 813 J.
675 786 730 821 Ag.
757 785 800 812 De
824 785 1018 812 Laminarieis
1045 795 1072 821 p.
1100 785 1149 812 ⁵29.

239 862 282 897 In
313 861 406 897 mari
435 860 721 909 septentrionali
753 860 800 896 ad
829 873 915 896 oras
948 860 1081 896 insulae
1108 860 1350 897 Unalaschka
1376 861 1475 896 inter
1502 860 1716 896 American]

87 921 270 957 rossicam
294 926 331 956 et
350 920 497 955 Asiam:
528 919 746 955 RUPRECHT.
788 918 838 954 Et
867 919 913 954 ad
941 919 1101 955 insulam
1128 920 1284 967 Bering:
1314 919 1378 955 Dr.
1395 919 1614 956 KJELLMAN.

215 1004 334 1036 Planta
363 1004 493 1035 videtur
523 1013 563 1035 ex
593 1003 798 1043 longioribus
823 1003 919 1043 algis,
944 1003 1000 1034 sed
1026 1006 1158 1035 truncus
1183 1004 1307 1035 brevis:
1332 1004 1365 1034 in
1391 1003 1569 1044 specimine
1593 1004 1634 1035 45
1658 1014 1718 1035 cm.

86 1056 304 1097 longitudinis
328 1059 360 1087 et
383 1056 402 1086 6
427 1066 486 1086 cm.
512 1055 697 1086 latitudinis
733 1055 789 1085 vix
814 1055 885 1095 plus
910 1065 1005 1094 quam
1034 1057 1047 1085 1
1074 1066 1133 1086 cm.
1159 1056 1286 1096 longus.
1330 1054 1505 1085 Maximum
1542 1055 1719 1096 specimen,

87 1107 172 1148 quod
198 1107 354 1138 habemus
378 1110 410 1138 et
435 1106 520 1146 quod
545 1106 715 1137 dimidiam
741 1115 832 1137 suam
859 1105 1015 1136 laminam
1042 1107 1162 1147 amisit,
1189 1111 1238 1138 est
1266 1107 1333 1138 fere
1355 1105 1396 1135 95
1421 1105 1637 1145 cmlongum,
1662 1105 1720 1136 sed

87 1162 220 1189 truncus
244 1157 299 1189 vix
330 1158 350 1188 4
374 1168 433 1189 cm.
459 1157 591 1197 longus,
616 1157 649 1187 in
674 1161 788 1188 trunco
806 1156 922 1196 nullas,
947 1160 981 1187 ut
1006 1157 1092 1197 apud
1122 1157 1314 1194 Costare'mn,
1340 1157 1586 1188 observavimus
1610 1156 1717 1187 strias.

86 1209 237 1249 Lamina,
272 1213 306 1240 ut
341 1208 493 1248 diximus,
528 1206 733 1248 longissima,
772 1207 829 1238 sed
860 1207 1066 1238 latitudinem
1093 1209 1249 1249 majorem
1276 1218 1370 1248 quam
1405 1208 1443 1238 16
1467 1218 1527 1238 cm.
1553 1217 1717 1247 nunquam

86 1259 245 1299 vidimus,
271 1260 338 1290 fere
362 1258 498 1290 linearis
523 1262 581 1299 est,
603 1259 715 1299 junior
740 1259 866 1299 apicem
893 1269 1004 1290 versus
1029 1270 1116 1300 saepe
1141 1263 1321 1299 attenuata,
1346 1259 1403 1290 sed
1427 1259 1460 1289 in
1485 1258 1718 1299 speciminibus

88 1311 304 1342 adultioribus
338 1320 478 1351 superne
502 1319 590 1351 saepe
615 1310 723 1351 latior,
748 1310 819 1341 basi
845 1310 1016 1350 angustior
1039 1315 1071 1342 et
1095 1312 1270 1351 subovata,
1307 1310 1474 1350 margines
1506 1309 1618 1340 eadem
1645 1318 1718 1339 con-

88 1362 250 1402 sistentia,
275 1372 313 1394 ac
337 1362 410 1403 ipsa
440 1361 574 1402 lamina,
609 1361 824 1401 integerrimi.
872 1361 992 1392 Fascia
1017 1362 1185 1402 plicarum,
1216 1372 1287 1401 quae
1311 1361 1378 1392 fere
1403 1360 1570 1401 parallelae
1595 1364 1626 1390 et
1651 1359 1718 1390 lon-

85 1413 314 1453 gitudinaliter
350 1423 367 1444 e
400 1413 469 1444 basi
496 1412 528 1443 in
554 1412 679 1453 apicem
706 1408 861 1454 pergunt,
876 1413 1051 1444 maximam
1077 1423 1168 1445 suam
1195 1413 1293 1444 habet
1317 1412 1524 1443 latitudinem
1549 1411 1631 1452 basi,
1656 1420 1718 1450 quo

86 1464 153 1495 fere
178 1464 196 1494 3
220 1474 279 1496 cm.
306 1464 374 1495 lata
397 1468 457 1504 est,
481 1464 633 1504 utrinque
669 1464 873 1505 paraphyses
904 1469 935 1496 et
960 1465 1140 1505 sporangia
1164 1466 1350 1504 frequenter
1375 1464 1553 1504 proferens,
1579 1473 1649 1503 quae
1673 1467 1719 1494 ta-

87 1525 160 1546 men
186 1516 289 1546 forma
315 1520 347 1546 et
371 1515 600 1556 magnitudine
625 1525 689 1546 non
714 1519 783 1547 tute
807 1515 1026 1547 determinare
1051 1517 1223 1557 potuimus.

514 1751 649 1806 VIII.
721 1749 1274 1805 MAOROOYSTIS
1314 1765 1387 1817 Ag.

186 1919 308 1956 Radix
337 1924 453 1966 teres,
482 1918 755 1966 ramosissima,
786 1917 1001 1966 caespitosa,
1023 1917 1113 1953 orbe
1143 1917 1358 1954 lacunarum
1387 1919 1650 1955 muciferarum
1680 1919 1718 1955 in

85 1979 225 2016 cortice
241 1984 278 2014 et
294 1991 397 2026 saepe
413 1978 558 2014 lacunis
575 1978 720 2026 sparsis
741 1977 779 2013 in
800 1982 930 2013 centro
951 1976 1122 2024 praedita.
1164 1977 1302 2013 Trunci
1324 1991 1422 2013 nunc
1452 1991 1471 2013 e
1499 1978 1718 2025 rhizomate,

86 2052 187 2074 nunc
229 2037 372 2073 directe
402 2050 421 2073 e
451 2037 578 2073 radice
608 2042 804 2083 exeuntes,
839 2036 988 2071 inferne
1024 2035 1214 2083 paululum
1244 2037 1395 2083 ramosi,
1439 2029 1603 2085 superne
1632 2037 1719 2072 sim-

86 2097 217 2146 plices,
232 2096 464 2144 longissimi,
484 2096 757 2132 unilateraliter
776 2094 946 2139 foliiferi;
977 2100 1107 2130 cortex
1130 2095 1266 2142 tenuis,
1284 2096 1509 2144 squamatim
1530 2095 1717 2143 abjectus;

86 2156 187 2192 orbis
215 2156 434 2191 lacunarum
461 2155 727 2191 muciferarum
761 2154 859 2190 intra
887 2154 1079 2200 corticem,
1108 2153 1253 2189 lacunis
1283 2155 1555 2202 magnitudine,
1586 2154 1717 2190 ordine

84 2220 121 2250 et
148 2215 232 2251 loco
276 2214 527 2260 variantibus3
570 2213 733 2249 medulla
766 2226 785 2249 e
810 2213 881 2249 filis
915 2213 1154 2249 cellularibus
1188 2213 1421 2249 tenuioribus
1453 2213 1719 2249 crassioribus-

84 2287 154 2321 que
188 2273 391 2321 implicatis
427 2278 620 2317 constans,
663 2285 821 2320 quorum
846 2272 1059 2307 tenuissimi
1087 2271 1180 2307 rami
1208 2272 1493 2308 horizontaliter
1523 2272 1622 2308 inter
1658 2272 1720 2307 fila

83 2332 273 2369 cellularia
305 2337 343 2367 et
368 2331 658 2379 longitudinalia
677 2332 850 2380 proxima
877 2332 1030 2379 ligfflG)
1059 2332 1202 2367 intrant
1230 2331 1436 2380 eademque
1478 2332 1721 2368 circumcirca

81 2391 300 2437 investiunt,
341 2396 381 2426 ut
421 2391 585 2427 medulla
619 2391 812 2427 canalibus
855 2391 977 2426 cincta
1018 2390 1202 2437 videatur,
1244 2391 1282 2426 in
1325 2391 1494 2427 sectione
1528 2396 1720 2427 transver-

82 2450 151 2486 sali
193 2455 373 2498 punctum
416 2450 582 2486 centrale
624 2449 926 2493 ostendentibus,
960 2449 1129 2485 materiei
1157 2449 1313 2485 inclusae
1354 2449 1484 2486 forsan
1526 2449 1718 2486 indicium.

81 2508 188 2545 Folia
215 2508 253 2544 in
281 2514 417 2544 trunco
454 2509 725 2545 unilateraliter
754 2508 1059 2557 superimposita,
1089 2508 1282 2556 petiolata,
1310 2509 1453 2557 petiolo
1483 2509 1589 2557 apice
1621 2509 1719 2545 vesi-

81 2568 201 2603 culam
229 2573 424 2616 portante,
453 2568 591 2604 lamina
618 2568 656 2603 in
686 2568 792 2616 apice
821 2566 998 2603 vesiculae
1018 2567 1176 2611 sessilis,
1205 2568 1378 2616 simplex,
1409 2567 1586 2615 oblonga,
1616 2580 1717 2616 saepe
