2051 3001
607 183 915 220 Onsi-:erx'rromcs
946 185 1236 222 PnrcoLocicffl.
1647 188 1687 221 11

489 349 617 402 XIV.
684 348 1191 404 PTERYGOPHORA
1234 364 1348 417 liupr.

262 463 389 511 Stipes
420 463 594 510 simplex.
624 476 789 511 superne
806 476 947 512 anceps
973 471 1010 500 et
1031 465 1191 501 distiche
1212 467 1403 514 pinnatus,
1425 468 1531 516 apice
1552 468 1589 503 in
1611 467 1742 503 folium

106 524 270 559 obscure
300 527 488 557 costatum
523 522 666 557 abiens.
723 522 863 557 Annuli
892 524 1122 559 concentrici
1153 525 1293 572 stipitis
1324 526 1463 573 plures.
1520 526 1744 574 Mycocoelia

107 582 268 629 (lacunae
295 580 506 627 muciferae)
535 579 581 615 ad
613 580 868 628 peripheriam
898 581 1084 617 internam
1114 584 1241 618 annuli
1269 584 1390 619 intimi
1412 585 1606 629 collocata,
1628 585 1743 621 inter-

107 640 197 676 dum
218 639 399 675 biseriata
428 639 517 687 (sec.
548 638 694 686 RUPR.).

258 723 331 754 Jam
364 723 423 753 hoc
453 723 524 753 loco
561 722 827 754 animadvertere
858 723 966 763 liceat,
993 725 1185 764 mycocoelia
1210 735 1266 756 scu
1291 726 1425 758 lacunas
1451 727 1635 766 muciferas,
1661 736 1742 766 quas

110 774 305 804 memoravit
330 774 532 804 RUPRECHT
556 773 628 804 loco
653 773 740 804 infra
764 774 817 804 cit.
843 777 875 804 et
900 774 1055 813 figuravit
1074 775 1138 806 tab.
1159 775 1237 806 VIII
1252 776 1280 807 b.
1295 786 1320 807 c.
1336 777 1377 818 d.‚
1392 788 1450 809 nos
1465 786 1638 816 numquam
1654 776 1742 807 dete-

107 834 186 864 gere
212 824 367 864 potuisse,
393 833 589 863 quamquam
615 823 798 864 specimina
823 834 918 863 quum
946 825 1082 865 majora,
1107 829 1172 855 tum
1200 826 1325 857 minora
1352 828 1444 859 nobis
1460 828 1544 859 haud
1559 827 1742 859 defuerunt.

108 875 222 905 Plures
259 874 389 914 quidem
427 875 565 905 annulos
591 875 697 905 trunci
728 874 942 905 ostenderunt
973 875 1006 905 in
1031 876 1177 907 sectione
1201 879 1410 918 tranrersali,
1435 879 1492 910 sed
1518 888 1684 909 numerum
1711 881 1743 908 et

108 929 257 956 naturam
284 935 394 956 eorum
420 925 558 956 definire
584 925 678 956 nobis
703 925 807 956 visum
835 929 884 956 est
909 925 1055 956 difficile.

412 1072 442 1105 1.
498 1069 915 1106 PTERYGOPHORA
946 1070 1288 1108 OALIFORNIOA
1317 1073 1429 1121 Rupr.

260 1170 386 1206 Radix
415 1171 579 1217 evoluta,
610 1183 750 1218 crassa,
782 1172 1053 1218 ramosissima7
1083 1172 1196 1207 ramis
1223 1173 1302 1208 fere
1332 1174 1523 1210 radialiter
1545 1175 1741 1219 ordinatis,

107 1229 301 1265 haustoria
329 1228 453 1264 valida
484 1230 736 1277 portantibus,
779 1231 920 1266 cortice
959 1230 1118 1266 deciduo
1149 1244 1277 1267 crasso
1308 1232 1469 1269 obtectis
1498 1234 1675 1282 intusque
1703 1235 1742 1270 in

106 1296 239 1324 centro
267 1288 424 1324 materie
454 1301 597 1336 aquosa
625 1289 794 1336 repletis.
839 1290 1012 1325 Truncus
1042 1290 1089 1324 30
1119 1302 1187 1324 cm.
1218 1291 1368 1338 longus,
1398 1292 1460 1327 vix
1492 1294 1508 1327 1
1540 1306 1610 1328 cm.
1640 1306 1740 1329 cras-

108 1359 186 1390 sus,
217 1346 404 1394 subteres,
434 1360 598 1395 superne
628 1360 884 1395 compressus,
913 1354 1016 1384 totus
1045 1348 1188 1384 farctus
1218 1356 1256 1385 et
1284 1350 1406 1385 siccus
1436 1350 1672 1397 durissimus,
1702 1352 1741 1388 in

107 1405 278 1441 sectione
312 1406 560 1441 transversali
593 1419 714 1455 prope
751 1407 859 1443 basin
889 1407 1031 1443 nullum
1066 1407 1194 1442 orbem
1228 1408 1443 1444 lacunarum
1473 1410 1739 1447 muciferarum

106 1463 218 1499 nobis
248 1464 469 1509 ostendens,
498 1465 565 1500 sed
594 1465 722 1512 plures
751 1466 924 1513 annulos⁷
945 1465 1259 1501 indeterminatos
1276 1472 1402 1502 tamen
1419 1473 1467 1515 et,
1487 1474 1528 1504 ut
1556 1468 1665 1504 nobis
1686 1469 1741 1504 vi-

106 1521 228 1568 detur⁷
263 1521 440 1570 fugaces3
471 1523 634 1560 medulla
664 1524 816 1560 linearis
846 1525 882 1560 in
913 1524 1083 1560 sectione
1111 1525 1369 1569 transversali,
1400 1539 1472 1574 quo
1502 1527 1675 1575 superior
1702 1527 1742 1563 in

104 1585 239 1616 trunco
269 1580 405 1628 locata⁷
442 1595 486 1617 eo
521 1582 731 1630 angustior.
764 1583 912 1619 Folium
941 1583 1287 1631 imparipinnatum,
1316 1584 1450 1632 impari
1478 1585 1595 1633 pinna
1622 1585 1742 1623 fascia

106 1638 282 1674 mediana
324 1639 483 1676 obscura
524 1641 791 1689 longitudinali
833 1647 977 1689 ornata,
1017 1642 1099 1677 basi
1127 1641 1302 1689 utrinque
1331 1643 1501 1691 margine
1529 1645 1742 1681 rudimenta

106 1710 290 1733 novarum
318 1699 519 1747 pinnarum
548 1700 758 1736 directione
787 1701 996 1749 acropelali
1025 1701 1218 1736 evolvens.
1255 1701 1385 1737 Pinnae
1415 1715 1546 1739 omnes
1574 1703 1612 1739 in
1634 1703 1741 1740 basin

105 1757 221 1804 longe
250 1762 465 1804 attenuatae,
494 1758 668 1805 lineares⁷
698 1759 966 1806 integerrimae,
996 1772 1115 1807 usque
1144 1765 1303 1794 metrum
1332 1760 1457 1808 longae
1483 1766 1520 1796 et
1542 1764 1638 1798 6-7
1669 1776 1739 1799 cm.

107 1815 204 1851 latae.
260 1815 578 1852 Fructificationis
608 1817 749 1853 nullum
779 1817 941 1854 vidimus
971 1818 1186 1866 vestigium.

159 1918 229 1957 Syn.
275 1920 489 1956 Pteryqoplzora
513 1920 681 1956 calzform'ca
705 1920 794 1956 Rupr.
818 1921 899 1948 Neue
924 1921 994 1948 oder
1019 1920 1157 1949 nuvollst.
1189 1920 1252 1947 bek.
1279 1920 1386 1947 Pflanz.
1410 1931 1458 1948 aus.
1477 1921 1503 1949 (l.
1522 1923 1615 1950 n'ordl.
1636 1923 1739 1951 Theile

389 1971 438 1997 des
465 1970 569 1997 Stillen
593 1969 707 1998 Oceans
732 1980 760 2008 p.
786 1971 853 2005 (73)
881 1972 929 2004 17,
954 1971 1013 1999 tab.
1038 1971 1062 1997 V
1088 1976 1115 1998 et
1140 1971 1221 1998 VIII.

260 2045 290 2081 E
320 2044 419 2080 Vera
456 2044 553 2081 Cruz
583 2045 803 2082 Californiae
833 2046 936 2082 misit
963 2046 1030 2082 Dzr
1059 2046 1100 2082 O.
1130 2047 1171 2082 L.
1200 2048 1415 2082 ANDERSON.
1473 2047 1621 2084 Crescit
1649 2062 1740 2096 quo-

110 2117 182 2152 que
213 2104 259 2140 ad
289 2103 362 2140 San
392 2103 610 2140 Francisco.

257 2188 294 2218 In
333 2187 568 2227 speciminibus
600 2189 799 2229 junioribus,
836 2189 876 2219 ab
912 2188 1093 2219 Academia
1117 2188 1365 2228 Petropolitana
1390 2190 1639 2221 communicatis
1664 2194 1696 2221 et
1720 2201 1740 2222 a

107 2239 309 2270 RUPRECHT
334 2239 450 2270 diffuse
475 2240 493 2270 l.
520 2250 545 2271 c.
573 2240 758 2281 descriptis,
784 2240 878 2271 radix
903 2239 1107 2280 fasciculam,
1133 2239 1282 2270 deorsum
1308 2239 1436 2270 radices
1461 2243 1492 2270 et
1516 2249 1641 2271 sursum
1662 2242 1740 2272 turi-

106 2299 186 2320 ones
222 2299 279 2320 seu
314 2294 445 2321 truncos
481 2291 648 2331 emittens3
674 2291 780 2321 trunci
805 2290 872 2321 ima
895 2290 964 2321 basi
989 2293 1120 2330 teretes,
1146 2299 1286 2330 superne
1310 2290 1490 2330 compressi
1515 2300 1571 2321 seu
1596 2292 1739 2332 compla-

106 2340 187 2380 nati,
212 2349 314 2380 usque
337 2340 380 2371 20
403 2351 463 2372 cm.
488 2341 579 2380 longi
605 2344 636 2372 et
660 2341 744 2371 2-5
769 2352 843 2372 mm.
869 2341 944 2382 lati3
970 2341 1081 2372 folium
1108 2340 1258 2380 simplex,
1285 2340 1472 2381 oblongum,
1498 2350 1598 2381 usque
1621 2342 1662 2372 35
1679 2352 1738 2373 cm.

106 2390 238 2430 longum
276 2394 309 2421 et
344 2390 426 2421 6-7
457 2401 516 2422 cm.
549 2392 661 2432 latum,
695 2392 846 2431 utrinque
871 2392 1103 2432 acuminatum,
1128 2391 1375 2431 integerrimum
1401 2395 1431 2422 et
1456 2392 1561 2422 fascia
1585 2392 1740 2424 mediana

106 2444 265 2472 notatum.
312 2441 472 2481 Gregarie
508 2443 635 2478 crescit,
672 2446 707 2474 ut
737 2442 823 2483 apud
855 2453 913 2474 nos
937 2452 1013 2473 vere
1037 2443 1237 2473 Laminarice
1260 2442 1456 2473 moelem-{nce
1477 2442 1612 2482 juniora
1635 2444 1741 2484 speci-

107 2492 196 2523 mina
220 2492 253 2523 in
278 2492 445 2532 lapidibus
470 2493 649 2534 paullulum
674 2493 760 2524 infra
784 2493 989 2533 superficiem
1016 2503 1117 2533 aquae,
1143 2492 1274 2523 nomine
1299 2493 1336 2523 L.
1349 2493 1533 2533 plzyllitvz‘dis
1550 2493 1637 2524 male
1654 2493 1741 2524 salu-

105 2546 188 2583 tata,
214 2552 289 2574 mox
314 2543 518 2574 emorientia.
