2051 3001
583 195 891 232 OBSERVATIONES
922 198 1213 234 PflrconooioAE.
1619 206 1664 238 13

89 311 158 334 nes
192 297 273 333 solii
302 296 560 332 consistentiae
590 296 784 343 tenuioris,
813 297 975 333 laxiores
1004 311 1216 346 grosseque
1245 300 1447 337 undulatae.
1504 302 1718 351 Sporangia

89 355 335 392 unilocularia
362 355 528 390 formant
556 368 639 390 cum
674 356 979 403 paranernutibus
1017 371 1113 393 nunc
1157 359 1321 394 maculas
1350 373 1504 408 sparsas
1533 362 1571 398 in
1599 363 1719 399 fascia

91 414 368 462 longitudinali,
407 427 505 449 nuuc
547 420 664 449 totam
706 415 766 449 vel
808 415 994 450 interdum
1031 417 1210 464 majorem
1255 418 1486 454 minoremve
1520 420 1639 467 ipsius
1668 422 1719 457 la-

92 475 201 509 11111110
229 479 372 521 partem
402 473 579 508 vestiunt.

220 558 398 589 Reticulum
436 556 796 596 clevato-superficiale,
833 557 918 597 quod
948 560 1209 600 memoravimus,
1235 565 1343 592 notam
1370 562 1465 602 hujus
1489 564 1612 603 speciei
1638 574 1716 604 prae-

90 609 326 640 stantissimam
353 609 517 640 habemus.
567 608 603 637 In
628 607 716 638 nulla
740 608 825 638 enim
851 608 917 639 alia
941 610 1050 649 specie
1075 620 1226 651 eui-opaea
1244 612 1358 652 visum,
1375 622 1511 652 eamque
1529 613 1568 644 ob
1585 624 1715 645 causam

91 659 248 690 nonnulla
283 660 322 690 de
358 660 428 699 ejus
460 663 576 690 natura
607 658 724 688 afferre
755 658 840 689 licet.
887 659 1017 699 Optime
1049 661 1231 700 explicatur
1255 663 1287 692 in
1313 663 1492 694 minoribus
1516 664 1717 696 Lamioezarioe

90 711 286 741 saccharinae
311 709 559 750 speciminibus:
585 708 648 739 duo
674 708 840 749 habemus,
855 720 987 749 quorum
1009 716 1178 751 utrumque
1199 712 1284 743 latus
1305 713 1441 744 maculis
1459 714 1716 754 elegantissimis

91 767 122 791 et
147 761 351 800 regularibus
376 765 523 791 ornatam
550 764 614 798 est;
640 759 783 798 tertium,
801 769 840 790 ex
859 760 971 791 eodem
990 761 1072 801 loco,
1092 762 1188 793 habet
1206 763 1342 794 fasciam
1363 764 1492 804 nudam,
1511 775 1602 796 secus
1620 775 1715 805 quam

91 812 241 851 utrinque
277 821 377 851 usque
415 811 457 841 ad
493 810 658 849 margines
684 810 818 841 maculae
844 811 1066 842 observantur.
1105 813 1138 843 Si
1165 813 1340 844 sectionem
1367 816 1620 846 transversalem
1646 817 1715 847 folii

91 863 273 901 fecerimus,
298 862 394 892 facile
421 861 612 900 videbimus,
632 860 778 891 maculas
807 861 940 892 formari
966 872 983 892 e
1011 863 1105 902 plicis
1130 863 1161 893 in
1187 867 1322 903 utroque
1346 865 1416 895 folii
1443 866 1543 896 latere
1568 867 1717 908 elevatis,

91 914 242 953 intusque
277 912 332 943 fila
367 912 537 943 cellularia
567 920 697 941 ramosa
732 916 763 941 et
799 913 974 943 articulata
1009 923 1025 943 e
1050 913 1193 944 medulla
1217 914 1249 944 in
1276 915 1378 954 plicas
1403 916 1525 947 intrare
1551 922 1582 947 et
1606 918 1717 949 forsan

91 964 301 995 nutritionem
338 963 477 993 adferre.
524 962 703 1001 Evolvitur‚
736 967 769 993 ut
804 963 976 1003 credimus,
1014 964 1073 994 hoc
1098 965 1265 995 reticulum
1292 967 1456 998 mensibus
1481 968 1555 1007 Jul.‚
1580 969 1716 1009 August.

91 1020 123 1046 et
148 1015 248 1055 Sept,
284 1025 346 1054 quo
381 1019 528 1054 tempore
557 1014 734 1044 incrassari
771 1014 886 1054 incipit
920 1015 1053 1055 lamina,
1092 1025 1163 1054 quae
1199 1016 1485 1056 adpropinquante
1515 1028 1599 1049 novo
1631 1030 1716 1052 anuo

90 1066 372 1097 fructificationem
413 1065 534 1095 evolvit
559 1068 601 1101 et,
627 1074 712 1094 nova
744 1065 867 1096 lamina
892 1066 1043 1105 formata,
1068 1071 1101 1096 ut
1126 1067 1268 1097 veterior
1292 1067 1324 1097 in
1351 1067 1445 1108 hujus
1470 1069 1563 1109 apice
1588 1070 1715 1101 demum

91 1118 234 1148 moritur.

219 1167 441 1198 Observantur
478 1171 583 1197 autem
621 1176 689 1197 cum
728 1167 814 1197 veris
850 1167 1005 1207 reticulis,
1036 1178 1106 1207 quae
1131 1178 1229 1208 supra
1265 1169 1507 1211 descripsimus,
1537 1172 1719 1212 configura-

90 1218 196 1248 tiones
232 1218 303 1258 plus
339 1218 445 1248 minus
480 1217 675 1256 retiformes,
712 1227 792 1256 quas
818 1227 895 1247 vera
921 1218 1058 1248 reticula
1082 1219 1178 1249 facile
1204 1219 1323 1251 habere
1350 1226 1450 1261 potes,
1477 1232 1576 1261 quare
1601 1223 1641 1254 de
1667 1224 1717 1254 his

91 1279 203 1309 panca.
253 1269 289 1299 [n
325 1269 449 1299 lamina
484 1268 641 1308 praeteriti
678 1268 755 1298 anni
793 1278 902 1300 mense
928 1269 1044 1300 Martio
1081 1271 1249 1309 seriusque
1284 1271 1498 1303 observantur
1523 1283 1587 1303 non
1613 1274 1715 1304 solum

90 1320 225 1351 maculae
261 1321 330 1351 veri
367 1320 504 1359 reticuli,
539 1319 597 1349 sed
632 1319 729 1349 etiam
766 1318 877 1358 figurae
902 1320 1095 1356 retiformes,
1122 1331 1192 1360 quze
1218 1322 1262 1351 nil
1288 1322 1376 1352 aliud
1402 1327 1476 1353 sunt
1501 1334 1595 1363 quam
1622 1324 1718 1364 plicae

89 1371 192 1411 ipsius
217 1371 285 1401 folii
312 1374 469 1409 externae,
498 1370 530 1400 in
556 1370 687 1401 siccatis
712 1370 946 1410 speciminibus
971 1372 1256 1412 frequentissimae3
1293 1373 1325 1403 in
1352 1373 1401 1404 his
1426 1378 1532 1405 autem
1562 1385 1647 1415 aqua
1671 1377 1716 1407 fa-

89 1422 150 1452 cile
175 1422 388 1462 explicantur.
437 1421 522 1452 Vera
546 1421 682 1452 reticula
706 1421 804 1461 longe
829 1422 893 1452 alio
920 1423 1014 1453 modo
1040 1428 1226 1454 constructa
1250 1433 1331 1465 esse,
1356 1434 1455 1465 supra
1478 1425 1629 1457 vidimus.

219 1474 284 1505 Sub
309 1473 370 1504 hac
394 1473 503 1513 specie
528 1473 608 1504 duas
633 1473 863 1513 conjungimus
886 1474 1018 1514 formas,
1036 1475 1161 1506 scilicet
1179 1476 1405 1507 Laminarz'am
1423 1476 1643 1509 saccharz'nam
1655 1478 1718 1520 (L.)

88 1529 120 1555 et
144 1525 181 1556 L.
201 1527 383 1565 caperatam
406 1524 434 1555 J.
448 1524 507 1563 Ag.
523 1524 574 1564 (L.
588 1524 751 1564 Ayardlzz'z'
774 1523 932 1565 Kjellm.),
957 1534 1037 1565 quas
1062 1525 1103 1556 ad
1129 1526 1264 1557 eandem
1296 1526 1438 1566 speciem
1465 1527 1628 1567 pertinere
1653 1539 1711 1560 nec

88 1575 239 1616 specifice
270 1575 443 1606 distinctas
468 1584 539 1605 esse
565 1575 658 1606 nobis
683 1584 872 1614 persuasum
900 1575 1064 1608 habemus.
1095 1576 1173 1614 Quae
1199 1587 1256 1608 nos
1282 1577 1323 1608 ad
1348 1577 1432 1609 hanc
1457 1579 1643 1618 opinionem
1670 1580 1716 1611 in-

88 1626 240 1656 duxerint
264 1635 327 1666 res,
352 1636 398 1657 eae
423 1636 462 1656 ex
487 1625 698 1665 sequentibus
723 1626 890 1665 patebunt.

323 1771 359 1800 A.
407 1770 652 1800 LAMINARIA
678 1769 955 1801 SACCHARINA
980 1771 1043 1811 (L.)
1068 1771 1311 1803 AUsTRALIs
1339 1773 1471 1804 Aresch.

240 1849 412 1884 Truncus
441 1847 579 1892 brevis,
609 1861 656 1883 m.
687 1849 899 1895 0,05—O,20
927 1849 965 1885 in
994 1850 1086 1885 mari
1115 1850 1351 1897 Bahusiensi,
1369 1852 1519 1900 longior
1540 1853 1603 1898 (m.
1621 1856 1716 1902 O,50)

85 1908 123 1944 in
152 1909 243 1944 mari
280 1908 457 1943 atlantico
495 1913 543 1949 et,
576 1913 617 1942 ut
642 1908 788 1955 experti
818 1922 958 1954 sumus,
988 1909 1235 1957 longissimus
1270 1924 1317 1945 m.
1347 1912 1442 1957 (O,55
1472 1918 1508 1947 et
1536 1912 1649 1961 ultra)
1677 1915 1715 1951 in

85 1967 301 2002 Finmarkia
343 1966 527 2002 orientali.
595 1966 741 2001 Folium
784 1980 922 2003 novum
964 1968 1002 2003 in
1049 1968 1212 2004 Bahusia
1254 1982 1384 2005 mense
1425 1970 1551 2017 Junio,
1593 1973 1715 2019 quoad

85 2026 402 2074 magnitudinem,
443 2025 634 2061 evolutum
676 2026 805 2062 haberi
847 2034 991 2075 potest3
1031 2034 1108 2063 tum
1151 2028 1236 2076 ipsa
1269 2029 1406 2065 lamina
1434 2043 1510 2066 non
1538 2044 1622 2067 raro
1664 2046 1713 2068 m.

89 2088 297 2131 1,70ffl2,33
332 2085 446 2133 longa
477 2090 515 2120 et
542 2098 589 2120 m.
620 2087 830 2132 O,29——O,31
875 2087 949 2122 lata
991 2092 1060 2132 est,
1104 2099 1327 2134 quamquam
1370 2088 1490 2124 adhuc
1532 2090 1716 2126 membra-

85 2158 203 2181 nacea
236 2151 273 2180 et
308 2145 390 2180 sola
429 2144 549 2180 fascia
589 2145 855 2193 longitudinali
898 2151 1045 2192 ornata,
1088 2145 1243 2181 reticulo
1278 2147 1503 2194 superficiali
1549 2150 1714 2186 nondum

86 2204 290 2252 explicato;
334 2210 488 2239 truncus
529 2204 566 2239 in
609 2211 765 2252 utraque
795 2205 915 2241 solum
946 2219 992 2240 m.
1022 2207 1232 2251 O‚O4—0,05
1260 2206 1411 2254 longus,
1442 2207 1711 2245 subfiliformis.

86 2262 161 2299 Sed
203 2263 273 2298 hoc
316 2275 464 2310 quoque
495 2268 679 2311 tempore,
709 2278 838 2300 mense
871 2265 999 2311 Junio,
1037 2265 1240 2301 incrassari
1276 2265 1408 2314 incipit
1444 2266 1581 2303 lamina
1609 2275 1646 2304 et
1676 2256 1715 2304 in

84 2322 274 2358 nonnullis
310 2322 498 2358 exsistunt
526 2323 671 2359 reticuli
705 2324 927 2371 primordia,
970 2325 1145 2372 utrinque
1189 2337 1298 2360 secus
1332 2324 1489 2361 fasciam
1517 2339 1637 2373 usque
1667 2327 1713 2363 ad

82 2381 347 2417 undulationes
383 2381 611 2429 marginales
646 2382 808 2429 denique
842 2383 1003 2418 evoluta.
1058 2383 1253 2419 Mensibus
1297 2383 1452 2420 Octobri
1486 2391 1523 2420 et
1551 2385 1714 2421 Novem—

83 2439 140 2475 bri
174 2440 313 2475 lamina
345 2440 445 2484 anni,
475 2453 542 2476 sev
570 2454 669 2476 nova
697 2442 837 2489 planta,
877 2448 1052 2478 assecuta
1080 2448 1139 2478 est
1167 2443 1365 2478 maximam
1395 2456 1499 2479 suam
1530 2445 1713 2480 evolutio-

83 2511 169 2534 nem
210 2499 477 2546 vegetativam,
519 2499 541 2534 i.
569 2512 599 2535 e.
624 2500 921 2547 magnitudinem
951 2507 988 2536 et
1016 2506 1241 2536 structuram
1270 2502 1488 2538 normalem.
1545 2503 1595 2539 Ut
1626 2504 1712 2540 talis

82 2557 221 2604 plantae
263 2558 477 2605 exemplum
520 2558 653 2593 afferre
694 2558 806 2594 liceat
842 2560 1064 2595 Laminarz'oe
1091 2561 1311 2596 saccharime
1338 2561 1543 2608 specimen,
1572 2561 1711 2597 lectum
