2051 3001
372 212 418 245 22
948 208 983 244 J.
1012 208 1055 244 E.
1085 209 1330 254 ARESCHOUG,

320 309 646 358 longitudinaliter
674 309 989 357 plicato-rugosa,
1010 309 1130 345 rarius
1158 310 1240 346 fere
1269 310 1383 358 plana
1416 316 1453 346 et
1481 310 1692 359 saepissime
1722 311 1955 360 marginibus

321 370 456 406 ciliata.
498 368 645 403 Folium
687 368 725 403 in
762 373 896 403 trunco
930 367 1128 404 terminale
1161 368 1272 405 latius
1302 369 1542 417 breviusque,
1570 368 1814 406 inferioribus
1844 371 1955 407 dissi-

320 427 419 473 mile7
448 425 653 462 lateraliter
683 440 703 462 a
728 427 810 462 basi
837 426 875 462 in
905 426 1050 474 apicem
1079 427 1240 462 scissum
1268 427 1306 463 111
1334 428 1489 464 lacinias
1522 429 1667 477 planas,
1695 442 1777 476 quae
1805 429 1842 465 in
1863 429 1955 466 folia

320 485 562 522 inferioribus
607 484 742 521 similia
785 485 927 521 sensim
969 492 1205 522 excrescunt.
1263 486 1477 535 Sporangia
1519 500 1602 523 cum
1648 488 1953 535 paranematibus

318 546 355 581 in
385 544 486 580 foliis
508 543 693 580 demersis
714 557 834 592 prope
859 543 1024 579 radicem
1046 544 1212 580 maculas
1234 558 1300 580 sev
1321 558 1431 581 soros
1451 546 1564 582 variae
1583 546 1717 582 formae
1731 546 1953 583 formantes.

448 627 543 659 Orbis
569 629 756 660 lacunarum
782 628 948 659 invenitur
971 628 1003 658 111
1030 629 1150 659 cortice
1176 629 1297 661 radicis
1323 640 1433 662 crasso
1462 634 1494 661 et
1522 630 1666 670 sordido,
1697 635 1728 661 et
1755 631 1786 661 in
1815 632 1953 662 centrali

321 685 413 721 parte
437 679 632 721 (medullaP)
668 681 792 711 lacunae
830 689 951 720 sparsae
986 682 1074 719 (num
1107 681 1239 712 canales
1271 682 1417 722 ejusdem
1444 686 1579 722 naturae,
1615 682 1706 722 cujus
1730 682 1752 712 ii
1778 685 1862 723 sunt,
1898 682 1953 722 qui

320 730 494 762 medullam
521 731 667 772 cingunt,
704 730 761 762 sed
787 730 930 761 nondum
955 731 1126 770 evolutiP).
1173 732 1214 762 Hi
1242 732 1375 764 canales
1402 732 1575 764 medullam
1603 733 1772 772 cingentes
1795 733 1952 764 transfor-

320 782 464 813 matione
499 781 623 812 filorum
650 782 776 813 cellulis
803 782 884 822 ligni
911 783 1130 822 proximorum
1158 783 1272 815 eodem
1302 784 1398 816 modo
1429 784 1523 815 nobis
1553 784 1672 815 exoriri
1703 784 1863 825 videntur,
1889 794 1951 824 quo

319 843 399 864 vasa
424 832 754 873 phanerogamarum,
779 833 865 872 quod
891 837 999 864 tamen
1026 844 1084 874 pro
1109 838 1197 865 certo
1222 835 1387 866 affirmare
1411 845 1475 866 non
1500 835 1665 866 audemus.

405 883 657 914 Characteribus
693 883 779 914 datis
805 885 1095 919 distinctissimum,
1121 890 1170 917 est
1194 897 1310 927 genus,
1334 887 1391 918 sed
1416 891 1521 918 utrum
1548 887 1656 927 plures
1681 896 1721 917 an
1747 886 1875 917 unicam
1902 896 1950 917 so-

319 934 484 966 lummodo
509 934 746 975 complectatur
771 936 925 976 speciem,
951 937 1089 976 quaestio
1114 941 1173 978 est,
1199 948 1293 977 quam
1321 938 1464 969 breviter
1487 938 1651 977 attingere
1678 937 1836 968 volumus.
1884 937 1951 969 Cel.

320 987 478 1017 HOOKER
510 986 612 1026 (Flor.
639 986 750 1027 Crypt.
777 991 931 1025 antarct.)
961 993 992 1019 et
1023 988 1089 1020 Cel.
1116 989 1268 1020 HARVEY
1298 989 1447 1029 (Phycol.
1473 989 1597 1029 Austr.)
1622 988 1654 1018 111
1679 997 1716 1018 eo
1741 989 1951 1028 conveniunt,

317 1038 404 1077 quod
428 1042 563 1077 uterque
588 1047 696 1069 eorum
724 1048 836 1070 omnes
861 1039 900 1070 ab
926 1040 1111 1071 auctoribus
1137 1040 1320 1081 descriptas
1345 1041 1472 1081 species
1496 1050 1568 1071 esse
1593 1040 1695 1070 solum
1721 1039 1843 1070 formas
1867 1040 1951 1080 ejus-

319 1090 392 1121 dem
418 1090 551 1130 speciei,
576 1089 701 1120 scilicet
727 1090 977 1131 Macrocgysticlis
994 1093 1154 1132 pyriferce
1178 1093 1250 1133 Ag,
1269 1092 1457 1124 condendit.
1482 1092 1592 1123 Multis
1617 1090 1735 1121 abhinc
1760 1090 1949 1130 annis‚cum

318 1141 459 1171 nondum
487 1141 643 1180 majorem
670 1140 782 1172 harum
811 1142 996 1182 plantarum
1029 1153 1196 1174 numerum
1221 1144 1389 1184 vidissem,
1426 1143 1691 1183 Macrocyst‘idem
1717 1142 1894 1182 pelaffl'cam
1918 1145 1950 1172 et

317 1192 510 1232 Macroeyst.
537 1191 665 1223 Dathema?
699 1193 841 1232 optimas
877 1194 1004 1234 species
1041 1193 1150 1235 habui,
1186 1195 1244 1225 sed
1280 1194 1460 1226 innumeris
1491 1195 1609 1226 deinde
1639 1205 1656 1225 e
1679 1194 1760 1225 locis
1785 1193 1949 1224 natalibus

317 1237 432 1274 iterum
448 1243 628 1283 iterumque
642 1245 782 1284 receptis
796 1245 1040 1285 speciminibus,
1054 1246 1174 1276 sensim
1191 1246 1296 1286 magis
1311 1246 1480 1286 magisque
1494 1246 1587 1277 nobis
1608 1255 1796 1286 persuasum
1811 1244 1871 1275 fuit
1885 1253 1948 1275 non

317 1294 418 1325 solum
446 1294 520 1325 illas
545 1305 564 1325 a
588 1294 682 1326 nobis
707 1296 894 1327 nominatas
919 1296 1045 1336 species
1067 1297 1169 1328 falsas
1193 1297 1304 1337 fuisse,
1329 1307 1438 1328 verum
1464 1297 1562 1328 etiam
1577 1297 1763 1337 opinionem
1779 1296 1951 1327 HOOKERI

317 1349 348 1376 et
380 1346 544 1376 HARVEYI
570 1346 772 1377 verissimam
800 1356 880 1377 esse.
929 1347 1009 1378 Duae
1033 1352 1143 1378 tamen
1169 1358 1187 1378 a
1212 1348 1306 1379 nobis
1331 1348 1532 1388 recipiuntur
1556 1346 1691 1388 species,
1733 1347 1780 1378 M.
1806 1348 1949 1386 anqusti-

308 1397 397 1437 ιΐοῖία
421 1400 453 1427 et
477 1397 525 1427 M.
546 1397 706 1437 pyt-isera,
732 1407 866 1437 quarum
894 1403 1029 1438 utraque
1055 1398 1299 1430 characteribus
1324 1409 1408 1430 1111110
1432 1399 1620 1430 definienda
1644 1402 1701 1430 est.

632 1529 662 1562 1.
706 1527 1065 1564 MAOROCYSTIS
1100 1528 1481 1566 ANGUSTIFOLIA
1522 1529 1633 1576 Bory.

418 1611 598 1647 Rhizoma
625 1612 793 1660 ‘planum7
822 1613 1051 1660 laciniatum⁷
1081 1627 1193 1663 supra
1223 1614 1417 1663 caespitem
1447 1614 1612 1650 radicum
1642 1614 1813 1659 effusum⁷
1845 1612 1946 1648 intus

316 1670 490 1718 utrinque
520 1671 616 1706 serie
646 1671 862 1707 lacunarum
892 1672 1157 1709 muciferarum
1186 1674 1366 1709 lateribus
1395 1673 1575 1722 parallela
1596 1678 1780 1717 ornatum,
1802 1685 1821 1708 e
1850 1684 1945 1707 mar-

315 1729 466 1777 ginibus
508 1729 683 1777 utrinque
726 1730 873 1767 radices
916 1737 953 1767 et
994 1737 1149 1768 truncos
1190 1732 1439 1780 longissimos
1475 1732 1715 1768 cauliformes
1757 1731 1946 1772 emittens,

316 1801 559 1836 compressos
589 1788 648 1823 vel
678 1789 824 1837 planos,
860 1789 898 1825 in
928 1791 1097 1827 sectione
1126 1791 1373 1827 transversali
1400 1792 1499 1827 intra
1527 1791 1707 1827 corticem
1736 1789 1865 1826 orbem
1894 1790 1946 1825 la-

315 1859 493 1882 cuna-rum
536 1847 800 1884 muciferarum
841 1854 1037 1896 gerentes3
1081 1849 1244 1886 medulla
1286 1850 1324 1886 in
1367 1851 1536 1887 sectione
1578 1849 1824 1886 transversali
1864 1849 1946 1884 lon-

314 1905 485 1953 gissima,
527 1912 699 1954 angusta,
744 1907 909 1954 linearis⁷
952 1921 1061 1943 secus
1091 1909 1283 1956 margines
1313 1909 1464 1945 canales
1498 1909 1701 1945 muciferos
1730 1920 1798 1956 per
1825 1913 1946 1943 totam

316 1964 592 2012 longitudinem
621 1965 797 2012 utrinque
827 1966 1047 2002 ostendens.

369 2051 439 2089 Syn.
486 2054 671 2090 illucrocgsstis
696 2054 879 2090 αηφιείξβοίἱα
904 2054 989 2090 Bor53
1015 2054 1040 2081 J.
1067 2056 1121 2090 Ag.
1148 2055 1231 2092 Spec.
1256 2055 1269 2082 Ι
1294 2065 1321 2092 p.
1350 2055 1408 2082 157
1435 2055 1545 2092 <quoad
1570 2054 1730 2090 specimina
1755 2054 1922 2088 chilensia.)

468 2127 547 2164 Cel.
576 2127 738 2164 HOOKER
766 2128 803 2164 111
832 2129 933 2165 Flor.
963 2135 1137 2177 cryptog.
1168 2135 1326 2166 antarct.
1356 2144 1392 2178 p.
1424 2132 1494 2166 156
1524 2134 1652 2165 narrat
1677 2129 1827 2177 quidem
1857 2143 1943 2178 spe-

316 2186 410 2221 ciem
441 2186 725 2233 angustifoliam
754 2200 831 2223 suae
852 2189 1065 2235 Ilffczcrocgsst.
1087 2189 1265 2238 pyrzferoe
1293 2202 1370 2224 non
1397 2188 1511 2224 modo
1532 2188 1578 2224 ad
1600 2201 1702 2223 oram
1724 2188 1942 2236 ehilensem,

314 2257 443 2280 verum
486 2245 598 2280 etiam
639 2245 678 2281 111
721 2246 941 2293 regionibus
971 2247 1200 2293 antarcticis⁷
1237 2247 1275 2282 in
1307 2247 1415 2283 Nova
1445 2246 1625 2283 Zelandia
1657 2251 1695 2282 et
1722 2246 1760 2282 in
1789 2247 1942 2284 Oceano

314 2302 439 2338 indico
481 2303 674 2339 inventam
717 2316 814 2339 esse.
871 2304 1012 2341 Nostra
1053 2312 1175 2341 autem
1217 2305 1351 2350 forma,
1389 2304 1669 2341 characteribus
1699 2318 1813 2353 supra
1841 2306 1939 2342 datis

314 2361 489 2409 insignis,
532 2363 577 2398 ab
618 2363 694 2398 oris
723 2363 908 2399 Americae
937 2364 1193 2400 meridionalis
1226 2364 1523 2400 occidentalibus
1556 2363 1698 2412 pluries
1727 2364 1843 2400 missa
1871 2370 1942 2410 est,

315 2432 384 2455 nec
413 2433 457 2456 ex
487 2421 568 2456 aliis
598 2421 818 2469 regionibus
847 2434 1022 2469 unquam.

445 2486 522 2517 Cum
548 2488 580 2518 in
607 2488 695 2519 nulla
727 2488 794 2519 alia
818 2488 1068 2530 Macros-ysaens-
1091 2489 1201 2530 specie
1227 2489 1277 2520 vel
1303 2489 1409 2520 forma
1433 2489 1579 2520 rhizoma
1603 2489 1833 2530 invenerimus,
1859 2490 1943 2522 hanc

315 2542 424 2567 notam
460 2539 645 2577 specificam
683 2539 804 2570 valoris
841 2539 997 2571 habemus
1034 2541 1183 2580 maximi3
1220 2550 1324 2580 neque
1361 2540 1525 2571 inferioris
1550 2540 1724 2580 dignitatis
1749 2544 1822 2572 sunt
1846 2545 1942 2583 notae,

316 2596 385 2625 quae
424 2587 615 2619 hauriuntur
651 2599 667 2619 e
702 2589 847 2621 seriebus
883 2591 1071 2622 lacunarum
1108 2592 1139 2622 in
1175 2591 1364 2631 rhizomate,
1402 2592 1507 2622 forma
1543 2591 1693 2622 medullae
1728 2591 1761 2621 in
1797 2592 1943 2624 sectione

316 2638 528 2668 transversali
553 2647 579 2668 e.
605 2648 629 2669 s.
656 2649 685 2678 p.
