2051 3001
1606 210 1625 243 [ὓ

1632 211 1652 244 ἰο

563 202 876 239 Osssssuxwriouizs
907 204 1199 241 inoLoGlcAE.

470 356 502 389 2.
546 353 901 390 MACROCYSTIS
931 355 1180 391 PYRIFERA
1219 357 1289 403 Ag.

224 440 405 475 Rhizoma
434 438 587 474 nullum.
643 438 764 474 Radix
793 440 1007 486 caespitosa,
1041 441 1195 488 caespite
1230 454 1380 488 magno,
1410 442 1522 477 ramis
1552 443 1702 479 intrica-

71 499 243 545 tissimis,
273 497 528 534 subteretibus
557 497 617 533 vel
645 497 890 545 compressis,
921 498 1010 533 orbe
1039 498 1254 535 lacunarum
1284 500 1547 536 muciferarum
1576 501 1612 537 in
1644 503 1701 538 vel

70 558 167 594 intra
198 557 377 593 corticem
405 555 577 604 praedita,
606 561 762 591 truncos
792 555 933 592 directe
963 557 1152 593 emittens.
1189 558 1327 594 Trunci
1357 564 1496 595 teretes
1526 561 1585 596 vel
1615 561 1700 596 sul)-

72 615 294 664 compressi,
323 615 421 650 intra
443 614 622 650 corticem
647 614 738 650 orbe
767 614 982 650 lacunarum
1011 616 1274 652 muciferaruni
1305 618 1443 663 ornati3
1474 619 1635 654 medulla
1664 620 1699 655 in

72 676 241 712 sectione
271 673 516 709 transversali
544 673 778 719 orbicularis,
800 673 976 721 elliptica,
998 674 1116 710 rarius
1147 675 1336 723 elongata,
1368 677 1559 712 canalibus
1589 678 1700 713 muci-

70 735 163 770 feris
192 732 433 769 circumdata.

125 820 196 858 Syn.
261 821 446 855 illacrocgssris
468 819 598 855 pymfera
622 819 675 854 Ag.
704 819 772 846 Rev.
798 819 886 846 Macr.
913 829 938 856 p.
970 821 1016 847 17.

200 896 234 926 Si
259 895 291 926 in
317 893 489 934 completis
514 892 740 923 antecedentis
772 893 893 933 speciei
926 894 1169 934 speciminibus,
1206 900 1239 925 ut
1271 895 1526 937 observavimus,
1557 897 1701 929 rhizoma

71 957 235 987 nunquam
273 945 489 984 desideratur,
524 944 556 974 in
582 944 630 975 M.
653 946 802 985 py›'1fe›·a
827 948 941 975 contra
972 949 1002 975 et
1032 945 1212 976 innumeris
1237 946 1307 986 ejus
1332 947 1444 978 formis
1469 957 1508 978 ne
1534 948 1699 979 minimum

71 998 200 1038 quidem
238 997 444 1028 observatum
476 999 525 1026 est
548 995 738 1026 rhizomatis
773 996 959 1036 vestigium,
991 1001 1039 1027 est
1064 997 1096 1027 in
1121 1006 1169 1036 eo,
1195 1001 1227 1028 ut
1252 997 1424 1038 credimus,
1450 999 1593 1030 maxima
1618 1000 1702 1030 inter

70 1053 240 1088 utramque
276 1047 416 1088 speciem
454 1045 649 1077 differentia.
698 1047 776 1077 Rem
815 1051 920 1077 autem
959 1047 1092 1078 ulterius
1123 1048 1350 1087 inquirendam
1388 1059 1458 1080 esse
1494 1050 1601 1089 palam
1629 1060 1700 1090 pro-

70 1099 206 1130 fitemur.

201 1151 226 1181 E
252 1149 501 1189 Maeroeystidc‘s
530 1148 687 1189 pyriferce
721 1148 846 1189 formis,
872 1159 941 1189 quae
965 1149 1093 1189 species
1119 1159 1281 1189 nunquam
1308 1150 1420 1181 haberi
1447 1156 1591 1191 possunt,
1623 1162 1699 1183 non-

71 1202 167 1233 nullae
193 1201 388 1232 afferantur:

470 1250 683 1291 Macrocystc's
710 1251 880 1282 latmo-iaus
905 1250 1010 1281 Hook.
1035 1255 1066 1282 et
1092 1252 1233 1292 Harvey.

555 1314 570 1329 »
703 1302 903 1341 plcmiccmlis
927 1302 988 1341 Ag.

554 1367 568 1381 ‚2
706 1354 853 1393 pelagyt'ca
878 1353 1011 1384 Aresch.

553 1418 568 1433 ›>
708 1405 906 1437 Hmnboldm
929 1405 1046 1445 Bonpl.

69 1458 106 1489 In
146 1457 195 1488 his
230 1456 343 1487 formis
378 1455 529 1486 vesiculae
560 1456 767 1496 subglobosae
796 1456 846 1487 vel
873 1456 1068 1496 pyriformes
1093 1461 1124 1487 et
1149 1457 1251 1488 sectio
1277 1457 1398 1488 basalis
1424 1458 1574 1489 medullae
1598 1463 1702 1490 trans-

69 1508 207 1540 versalis
232 1506 433 1546 orbicularis,
459 1510 557 1537 ovata
580 1507 631 1538 vel
657 1507 813 1547 elliptica.

468 1559 682 1599 Macroeystis
705 1559 872 1600 tenuisble'cc
897 1559 983 1589 Post.
1009 1562 1041 1589 et
1065 1559 1163 1599 Rupr.

68 1610 145 1641 Haee
175 1610 215 1640 ab
240 1609 499 1650 praecedentibus
529 1610 671 1641 maxime
706 1610 739 1641 in
775 1620 812 1641 eo
837 1610 971 1650 recedit,
985 1611 1071 1650 quod
1093 1611 1236 1642 medulla
1260 1610 1293 1641 in
1318 1611 1462 1642 sectione
1488 1612 1701 1643 transversali

69 1664 101 1691 et
125 1660 230 1691 basali
265 1664 314 1691 est
348 1660 416 1691 fere
450 1661 585 1693 linearis
620 1665 652 1693 et
676 1661 846 1693 canalibus
870 1662 1064 1693 clarissimis
1089 1662 1306 1702 circumdat&
1343 1662 1384 1693 ad
1411 1663 1552 1703 majores
1577 1664 1699 1695 formas

70 1712 335 1752 appropinquare
363 1712 501 1743 videtur.

468 1765 681 1806 Mam-ocyma&
706 1765 835 1797 Diibem'
858 1765 991 1796 Aresch.

154 1814 232 1845 Haec
256 1819 368 1845 nostra
392 1815 497 1846 forma
521 1826 539 1847 a
563 1817 611 1848 M.
627 1818 776 1858 pyrifera
792 1817 984 1857 longissime
1003 1817 1119 1857 distat3
1145 1816 1299 1848 vesiculae
1317 1820 1391 1847 sunt
1409 1826 1524 1857 nempe
1542 1821 1699 1857 angustae,

69 1864 137 1896 fere
161 1864 303 1896 lineares
327 1868 359 1896 et
382 1866 534 1906 utrinque
558 1868 626 1899 fere
651 1868 1071 1908 attenuatae‚longissimae;
1098 1867 1240 1898 medulla
1264 1867 1297 1898 in
1323 1867 1535 1898 transversali
1555 1867 1698 1898 sectione

69 1916 140 1947 basi
165 1925 339 1956 numquam
367 1917 524 1960 eHiptica,
549 1919 606 1950 sed
630 1920 664 1950 in
689 1920 812 1951 truncis
837 1919 1032 1960 compressis
1057 1919 1202 1960 ejusdem
1229 1918 1339 1957 figurae
1363 1928 1401 1949 ac
1425 1918 1457 1948 in
1482 1917 1530 1948 M.
1556 1919 1697 1958 anqusti-

58 1967 159 2007 folz'a,
194 1967 319 1998 scilicet
356 1963 602 2011 angustissima,
628 1970 852 2002 subfiliformis
877 1975 908 2001 et
933 1980 1025 2002 secus
1050 1970 1216 2009 margines
1240 1969 1409 2000 canalibus
1439 1968 1604 1999 muciferis
1630 1968 1697 1998 lon-

68 2017 297 2057 gitudinaliter
321 2023 447 2050 ornata.
495 2021 620 2052 Tamen
653 2031 757 2061 neque
781 2022 997 2052 vesicularum
1024 2031 1127 2061 neque
1152 2020 1303 2051 medullae
1329 2019 1465 2059 figuram
1491 2022 1695 2050 constantem

67 2067 262 2099 invenimus.
309 2069 387 2100 Cum
425 2070 527 2101 multa
562 2081 631 2102 eum
659 2072 894 2113 Illacrocysticle
928 2073 1140 2113 mzffltstz'fole'a
1176 2071 1294 2102 habeat
1320 2070 1514 2110 communia,
1539 2069 1579 2100 de
1603 2069 1697 2100 diffe-

68 2120 175 2150 rentia
199 2120 354 2161 specifica
380 2121 529 2153 dubitare
553 2122 675 2153 licitum
702 2127 799 2163 esset,
825 2123 887 2154 nisi
910 2123 941 2153 in
968 2123 1028 2153 hac
1053 2123 1183 2153 adesset
1208 2122 1361 2154 rhizoma.

664 2339 1063 2364 —QSOJQQW
1102 2345 1106 2350 ’
