2051 3001
379 202 423 235 12
955 198 990 233 J.
1018 198 1061 233 E.
1095 198 1340 245 Amsscnona,

480 302 510 335 1.
552 299 747 335 subforma
788 299 1006 334 nordlandica
1047 299 1203 334 Aresch.
1264 299 1374 334 Anno
1418 300 1613 347 praeterito
1655 301 1746 336 mihi
1782 301 1885 337 misit
1919 302 1965 338 cl.

326 359 467 394 Fosmn
500 371 519 393 e
556 357 986 405 Lodingen(Lofote11)
1016 359 1064 393 20
1106 358 1255 393 circiter
1297 358 1356 393 die
1399 361 1419 394 2
1452 359 1576 394 Martii
1618 360 1715 396 lecta
1757 361 1965 408 specimina

327 417 437 464 hujus
480 416 700 461 subformae3
744 416 782 451 in
825 416 997 451 omnibus
1039 416 1190 465 laciniae,
1218 423 1511 460 marcescentes,
1541 424 1582 453 ut
1610 424 1799 454 restarent
1825 419 1964 454 solum-

328 475 440 510 modo
476 475 677 510 inferiores
715 488 841 510 earum
876 481 1005 522 partes
1038 475 1258 517 incolumes,
1303 478 1401 511 2-4
1437 476 1596 523 pollices
1624 477 1765 525 longae;
1794 490 1883 525 pars
1912 478 1964 514 la-

328 534 438 569 minae
468 534 606 569 basalis
640 534 677 568 in
707 534 898 581 plerisque
932 540 1161 580 tumescens,
1205 541 1390 582 vegetans
1420 541 1457 570 et
1490 542 1620 583 aperte
1649 537 1686 572 in
1715 536 1875 572 formam
1904 550 1964 573 ro-

328 594 522 629 tundatam
552 593 727 639 tendens,
742 593 844 628 nulla
873 593 1145 628 constrictione
1163 593 1352 637 distincta,
1369 594 1448 641 sed,
1470 600 1511 629 ut
1536 594 1697 642 videtur,
1718 595 1963 631 nutritionem

329 666 348 688 e
377 658 509 687 trunco
542 652 774 699 recipiendo,
809 652 846 687 in
882 665 1017 687 novam
1047 653 1222 688 laminam
1253 658 1480 697 1·estaurata;
1513 653 1675 700 denique
1709 654 1898 690 exsistunt
1924 655 1963 690 in

330 711 398 745 hac
441 710 577 745 lamina
618 723 716 745 nova
756 711 859 746 rimae
893 711 1202 758 longitudinales,
1239 711 1372 758 quibus
1402 712 1440 746 in
1470 711 1626 747 lacinias
1656 712 1802 759 apicem
1829 725 1963 748 versus

330 769 524 804 scinditur.

460 853 501 884 Ut
535 863 611 884 vero
637 863 749 884 omnes
780 854 988 893 mutationes,
1014 864 1094 894 quas
1119 854 1241 885 subiret
1267 855 1392 885 vernali
1418 859 1577 895 tempore,
1602 865 1845 895 cognoscerem,
1871 856 1962 886 oravi

330 915 434 935 meum
467 904 616 943 amicum,
642 909 675 935 ut
700 914 810 943 mense
835 905 934 935 Junio
960 905 1038 935 mihi
1065 906 1208 936 mitteret
1233 906 1390 936 nonnulla
1415 906 1598 946 specimina
1623 906 1767 946 ejusdem
1794 906 1906 937 formae
1931 911 1962 937 et

330 966 369 986 ex
395 955 506 986 eodem
534 955 615 994 loeo,
633 964 649 984 e
675 964 737 994 quo
763 959 861 985 antea
885 956 1097 996 accepissem,
1112 956 1197 995 quod
1223 966 1348 996 quoque
1375 957 1611 996 benignissime
1637 957 1724 988 fecit.
1750 957 1869 988 Omnia
1894 957 1963 988 haec

329 1007 520 1046 specimina,
546 1006 598 1036 die
621 1006 662 1036 :24
683 1006 772 1037 Junii
797 1006 893 1046 lecta,
919 1006 1082 1036 habebant
1107 1007 1245 1037 lacinias
1271 1007 1440 1047 paesentis
1465 1008 1542 1038 anni
1567 1008 1715 1039 evolutas
1738 1012 1769 1039 et
1787 1008 1963 1048 portabant

330 1058 440 1088 omnia
474 1057 505 1087 in
542 1057 690 1097 apicibus
725 1057 912 1096 fragmenta
943 1057 1135 1087 laciniarum
1173 1058 1398 1088 antecedentis
1435 1059 1521 1088 anni.
1580 1058 1615 1089 Si
1651 1059 1814 1098 expositio
1850 1063 1963 1090 nostra

330 1108 371 1139 de
408 1118 496 1138 novae
532 1108 663 1138 laminae
699 1107 886 1138 evolutione
918 1112 949 1138 et
980 1108 1012 1137 in
1038 1108 1142 1138 forma
1167 1108 1304 1139 australi
1329 1113 1360 1139 et
1385 1109 1417 1139 in
1445 1109 1504 1140 hac
1540 1119 1618 1139 vera
1642 1109 1694 1149 sit,
1721 1110 1804 1140 hanc
1829 1109 1961 1141 distinc-

330 1160 450 1190 tionem
477 1160 617 1189 t'aceres:
643 1159 675 1189 in
699 1159 804 1189 forma
821 1159 962 1190 australi
986 1169 1070 1189 nova
1096 1159 1218 1189 lamina
1244 1160 1401 1190 formatur
1426 1160 1511 1191 inter
1535 1160 1679 1200 stipitem
1699 1165 1731 1191 et
1748 1164 1889 1192 veterem
1916 1161 1962 1191 la-

331 1211 450 1240 minam
477 1214 508 1240 et
530 1209 766 1248 constringitur
789 1209 848 1240 sub
874 1210 948 1249 hac3
974 1210 1005 1239 in
1031 1210 1197 1240 subforma
1224 1211 1433 1242 nordlandz'ca
1458 1212 1579 1242 veteris
1597 1211 1728 1242 laminae
1745 1221 1822 1252 pars
1840 1212 1962 1243 basalis

330 1262 469 1292 nutritur
494 1272 513 1292 a
536 1261 648 1303 stipite
673 1266 704 1291 et
729 1266 931 1291 restauratur
955 1261 986 1291 in
1013 1271 1129 1291 novam
1156 1261 1322 1292 laminam.

483 1351 515 1385 2.
558 1347 752 1383 subforma
793 1350 1082 1394 spetsbergensis
1124 1348 1281 1383 Aresch.
1338 1348 1428 1384 Haec
1465 1349 1660 1385 subforma
1687 1350 1789 1386 nulla
1817 1350 1889 1386 alia
1916 1350 1962 1386 ab

330 1407 570 1455 praecedente
600 1407 726 1442 differt
755 1413 844 1442 nota
873 1421 983 1455 quam
1012 1407 1285 1455 magnitudine,
1302 1421 1387 1443 nam
1409 1408 1454 1443 ad
1472 1409 1615 1444 insulas
1633 1408 1962 1457 Spetsbergenses

331 1468 555 1502 Laminarioe
576 1468 784 1515 fleoez'caulis
820 1467 1028 1515 specimina
1056 1467 1218 1502 maxima
1246 1467 1500 1514 inveniuntur,
1528 1474 1565 1503 et
1594 1481 1676 1503 cum
1706 1468 1846 1504 nullam
1875 1481 1961 1516 spe-

331 1525 474 1560 cificam
513 1525 763 1561 differentiam
805 1526 904 1561 inter
938 1531 1134 1573 utramque
1164 1525 1396 1562 subformam
1425 1526 1596 1562 invenire
1626 1527 1872 1575 potuerimus,
1901 1527 1960 1563 fas

330 1590 389 1620 est
415 1584 581 1630 credere,
598 1584 863 1620 formationem
893 1598 1002 1620 novae
1028 1584 1176 1619 laminae
1204 1585 1241 1619 in
1271 1591 1428 1632 utraque
1458 1585 1653 1622 subforma
1682 1586 1840 1622 eandem
1862 1599 1959 1621 esse.

528 1713 568 1748 B.
598 1713 743 1748 Folium
773 1712 988 1748 indivisum.

632 1868 662 1900 2.
705 1864 987 1899 LAMINARIA
1019 1864 1344 1900 SACOHARINA
1373 1864 1449 1912 (L.)
1479 1864 1653 1900 Lamour.

480 1966 600 2002 Radix
624 1965 894 2011 ramosissima,
918 1966 1031 2001 ramis
1053 1966 1282 2013 ramulisque
1304 1979 1403 2001 nunc
1423 1966 1599 2001 tenuibus
1615 1966 1829 2013 longisque,
1859 1979 1958 2001 nunc

326 2025 588 2072 crassioribus,
619 2024 866 2060 brevioribus.
921 2024 1092 2059 Truncus
1122 2024 1360 2072 longitudine
1382 2037 1616 2072 magnopere
1644 2024 1808 2071 varians,
1833 2026 1958 2060 5-70

327 2099 397 2121 cm.
427 2085 578 2132 longus,
607 2084 644 2119 in
674 2083 813 2131 plantis
842 2083 990 2118 laminae
1020 2083 1257 2130 longitudine
1280 2083 1464 2118 similibus
1486 2083 1633 2119 inferne
1662 2088 1776 2124 teres,
1794 2094 1957 2130 superne

327 2157 570 2192 compressus
591 2134 812 2178 vel'sensim
836 2142 1110 2189 complanatus,
1140 2143 1241 2177 nullo
1272 2142 1353 2178 orbi
1373 2143 1589 2178 lacunarum
1610 2142 1874 2178 muciferarum
1902 2141 1958 2176 in-

326 2209 504 2248 structus,
534 2202 695 2249 denique
725 2207 835 2237 aetate
863 2202 1081 2249 provectior
1109 2202 1209 2237 intus
1242 2202 1443 2237 tabescens
1473 2207 1510 2237 et
1538 2202 1743 2237 fistulosus.
1799 2201 1957 2236 Lamina

325 2261 405 2296 folii
433 2261 586 2296 linearis
614 2261 674 2296 vel
702 2260 924 2306 lanceolata,
939 2260 1021 2295 basi
1051 2266 1170 2306 acuta,
1188 2266 1299 2295 ovata
1327 2261 1386 2295 vel
1416 2260 1582 2306 cordata,
1612 2260 1862 2296 consistentia
1890 2272 1958 2307 per

325 2320 439 2355 vitam
468 2319 670 2366 insigniter
686 2318 888 2364 variabilis,
911 2318 1209 2363 membranacea,
1232 2331 1457 2366 papyracea,
1479 2324 1798 2366 perganientacea
1811 2318 1871 2354 vel
1896 2331 1958 2354 co-

325 2379 464 2422 riacea;
507 2378 628 2425 primo
658 2378 842 2412 formatur
870 2377 907 2412 in
935 2378 1073 2413 lamina
1100 2378 1219 2414 fascia
1248 2378 1546 2425 longitudinalis⁷
1573 2392 1594 2414 a
1621 2378 1703 2414 basi
1731 2378 1769 2413 in
1798 2378 1956 2426 apicem,

325 2437 460 2473 deinde
503 2437 664 2484 emergit
704 2437 879 2484 utrinque
914 2449 1023 2472 secus
1059 2437 1154 2473 hanc
1189 2437 1345 2473 fasciam
1382 2438 1516 2485 (rarius
1552 2450 1666 2485 supra
1694 2437 1876 2485 majorem
1905 2436 1956 2472 la-

324 2496 434 2531 minae
463 2496 626 2542 partem)
655 2495 850 2530 reticulum
881 2495 1128 2543 superficiale,
1159 2503 1340 2532 constans
1371 2509 1390 2531 e
1419 2496 1574 2531 maculis
1597 2510 1642 2532 ex
1663 2495 1772 2544 plicis
1798 2496 1955 2532 elevatis

323 2554 451 2589 lateris
480 2553 559 2588 folii
588 2554 772 2599 formatis,
799 2554 900 2589 intus
930 2554 990 2589 fila
1019 2565 1038 2588 e
1067 2554 1230 2590 medulla
1273 2555 1453 2590 intrantia
1494 2555 1782 2603 recipientibus;
1818 2556 1956 2604 margi-
