2051 3001
581 193 891 229 OBSERVATIONES
924 193 1215 230 PHYCOLOGICAE.
1645 199 1664 231 9

84 295 115 325 in
134 293 351 325 antecedente
377 302 497 332 genere
523 293 746 332 cognovimus.
790 293 923 333 Annuli,
939 293 978 323 de
1004 294 1119 333 quibus
1144 305 1242 334 supra
1260 295 1412 334 diximus,
1431 300 1505 326 sunt
1522 295 1619 335 longe
1637 296 1720 326 alins

83 349 218 383 natur-ze,
244 354 341 383 qnam
368 353 417 374 ex.
443 353 490 383 gr.
518 343 629 373 annuli
646 343 897 384 Hajjvlgsysiarunz,
923 353 1002 382 quos
1032 345 1122 383 sequi
1149 345 1225 375 licet
1252 355 1308 385 per
1332 346 1435 376 trunci
1463 346 1718 386 longitudinem

85 395 115 426 hi
157 398 273 425 contra
316 398 390 424 sunt
434 394 580 433 fugaces,
629 393 875 423 indeterminati
918 398 947 424 et
984 395 1155 425 conferunt
1191 395 1416 426 tantummodo
1452 396 1492 426 ad
1529 397 1716 427 inferiorem

83 445 189 476 trunci
217 449 342 485 partem
369 444 563 475 crassiorem
590 443 802 474 reddendam.

263 565 306 599 A.
337 563 481 598 Folium
513 563 734 601 solitarium,
765 563 868 597 rimis
898 563 1141 599 nascentibus
1171 564 1331 612 denique
1362 565 1716 612 digitum-divisum.

430 703 460 735 1.
504 698 784 734 LAMINARIA
816 698 1152 735 FhEXICAULIS
1190 700 1242 735 Le
1272 701 1381 736 Jolis.

239 785 359 821 Radix
388 797 549 829 ramosa7
580 784 693 818 ramis
723 784 981 830 irregulariter
1010 784 1246 831 exeuntibus,
1264 786 1515 833 conglobatis.
1545 787 1716 822 Truncus

84 846 233 881 adultus
268 844 416 880 inferne
444 844 678 879 incrassatus
713 848 749 878 et
778 849 890 888 teres,
927 856 1091 890 superne
1126 857 1382 892 compressus,
1411 845 1524 880 immo
1552 846 1717 893 compla-

83 910 207 948 natus,
233 903 422 939 interdurn
450 903 656 947 fistulosus,
688 901 850 937 medulla
882 901 919 937 in
948 901 1022 937 ima
1049 903 1170 938 trunci
1199 909 1306 951 parte
1336 904 1512 952 elliptica,
1541 904 1715 952 utrinque

86 969 194 999 acuta
222 963 281 998 vel
311 961 541 997 acutiuscula
570 961 624 1007 (in
654 967 745 996 sect.
763 960 996 1008 transvers.).
1026 961 1172 996 Folium
1201 962 1362 1010 denique
1392 963 1719 1011 elongatum7pal-

86 1021 421 1057 mato-laciniatum
451 1021 510 1055 vel
539 1020 741 1067 integrum,
762 1020 875 1054 immo
905 1019 1220 1067 calyptraeforme.
1263 1022 1517 1057 Fructificatio
1546 1022 1719 1058 maculae-

84 1080 257 1115 formiter
285 1079 346 1114 vel
374 1079 447 1114 late
477 1091 545 1126 per
573 1079 748 1114 laminam
779 1078 907 1113 effusa.

141 1167 212 1204 Syn.
259 1168 429 1194 Laminaria
454 1166 615 1202 flammulis
639 1165 679 1192 Le
704 1165 761 1191 Jol.
798 1165 924 1191 Examen
951 1165 1000 1192 des
1026 1169 1143 1202 especes
1169 1166 1347 1193 confondues
1373 1176 1439 1194 sous
1465 1168 1490 1195 le
1516 1178 1579 1195 nom
1606 1169 1640 1195 de
1665 1169 1718 1195 La—

344 1217 465 1244 minariu
491 1216 616 1250 digitata
641 1225 667 1252 p.
695 1216 734 1242 50
760 1217 858 1249 (573).

241 1292 312 1327 Est
340 1291 489 1339 species
519 1303 752 1338 magnopere
782 1291 985 1337 variabilis7
1007 1304 1121 1338 quare
1141 1292 1372 1340 insigniores
1393 1293 1535 1329 formas
1557 1294 1716 1329 seorsim

87 1351 269 1387 adnotare
298 1351 483 1394 volumus,
512 1356 552 1385 ut
579 1355 713 1385 natura
740 1350 860 1398 ipsius
890 1350 1031 1398 speciei
1060 1364 1104 1386 eo
1134 1351 1266 1387 melius
1296 1352 1451 1387 eluceat.

241 1453 286 1488 A.
341 1453 514 1488 australis:
557 1457 712 1487 truncus
751 1450 900 1487 inferne
935 1458 1049 1498 teres,
1085 1441 1414 1500 rfigosoestriatus,
1442 1454 1632 1501 paululum
1662 1455 1717 1489 in-

87 1517 296 1556 crassatus,
347 1511 510 1547 medulla
557 1510 638 1546 basi
681 1511 718 1546 in
760 1511 929 1546 sect-ione
967 1512 1213 1547 transversali
1255 1512 1420 1560 elliptica
1461 1518 1498 1548 et
1544 1513 1717 1561 utrinque

87 1570 329 1616 acutiuscula,
359 1569 532 1617 superius
562 1570 599 1604 in
628 1576 761 1605 trunco
792 1570 1097 1606 transversaliter
1125 1571 1289 1606 linearis.
1338 1571 1484 1607 Folium
1508 1572 1636 1619 junius
1666 1572 1718 1608 la—

86 1629 267 1665 ciniarum
308 1629 478 1677 apicibus
521 1628 830 1674 conniventibus,
879 1642 900 1664 a
939 1629 1190 1677 praecedentis
1239 1630 1327 1666 anni
1368 1631 1506 1666 lamina
1550 1631 1717 1666 nondum

87 1701 195 1737 paene
223 1689 404 1733 liberatis⁷
447 1687 742 1732 suborbiculare,
773 1688 910 1724 deinde
951 1689 1180 1736 elongatum,
1214 1695 1429 1737 angustum,
1459 1690 1540 1725 basi
1569 1696 1718 1725 acutum

87 1748 147 1783 vel
174 1747 434 1793 rotundatum,
475 1747 621 1782 laciniis
658 1747 897 1795 paucioribus
927 1748 987 1783 vel
1011 1748 1223 1784 numerosis
1258 1748 1628 1797 digitato-partitum,
1657 1749 1719 1784 vel

86 1806 384 1854 integerrimum,
415 1805 589 1854 simplex,
618 1805 732 1841 immo
762 1805 1078 1854 calyptraeforme.

240 1866 299 1901 Ad
342 1878 427 1901 oras
471 1865 615 1909 Galliae,
659 1865 862 1900 Britanniae
891 1870 928 1900 et
957 1864 1229 1901 Scandinaviae.
1286 1865 1344 1900 Ad
1373 1879 1458 1901 oras
1487 1865 1716 1901 Lofotenses

88 1924 255 1972 vulgaris
285 1929 344 1959 est
372 1924 512 1972 planta,
535 1937 604 1972 per
633 1924 760 1960 secula
779 1924 858 1972 jam
889 1925 1054 1971 cognita⁷
1076 1925 1160 1972 quia
1187 1925 1267 1961 fere
1296 1925 1333 1960 in
1362 1925 1478 1961 limite
1509 1938 1613 1972 aquae
1642 1939 1718 1961 ma-

87 1983 178 2018 rinae
213 1983 362 2028 crescit,
398 1996 480 2018 curn
520 1989 653 2019 contra
684 1984 875 2032 Hafygsssia
905 1984 1085 2020 Clam-toni
1124 1985 1239 2032 longe
1269 1984 1554 2031 profundiorem
1584 1997 1718 2031 aquam

90 2042 234 2089 quaerit.
289 2041 345 2077 Ita
383 2054 428 2077 ex
464 2042 599 2078 insulis
630 2042 792 2078 Lofoten
829 2043 1043 2089 accepimus
1078 2043 1187 2090 hujus
1216 2043 1350 2078 formae
1379 2042 1598 2090 specimina,
1628 2056 1718 2090 quo-

89 2114 169 2136 rum
197 2113 311 2136 unum
341 2100 455 2136 habet
482 2107 656 2137 truncum
687 2115 733 2136 m.
764 2103 842 2147 0767
873 2107 910 2136 et
938 2101 1113 2137 laminam
1143 2116 1189 2137 m.
1223 2105 1298 2147 LQS
1334 2102 1498 2149 longam.
1555 2101 1596 2136 In
1627 2102 1719 2137 mari

90 2159 316 2195 Bahusieusi
344 2159 460 2194 multo
491 2160 646 2195 minoris
677 2165 736 2195 est
756 2166 926 2204 statura-2;
957 2160 1017 2196 die
1047 2163 1067 2195 2
1089 2160 1192 2196 Junii
1220 2162 1294 2206 jam
1324 2160 1567 2207 fructificans,
1583 2160 1721 2196 lamina

88 2218 238 2254 circiter
264 2231 312 2253 m.
342 2219 420 2262 O‚67
451 2225 488 2253 et
515 2224 669 2253 truncus
706 2231 752 2253 m.
783 2220 860 2263 0,03
890 2219 1041 2266 longus.
1098 2218 1172 2254 Sed
1209 2219 1247 2254 in
1277 2219 1482 2267 specimine
1511 2219 1617 2254 initio
1648 2220 1719 2255 Oc-

87 2276 206 2312 tobris
242 2276 377 2312 eodem
421 2277 505 2312 loco
555 2277 592 2312 in
633 2277 808 2322 Bahusia,
849 2278 912 2313 ubi
954 2278 1130 2324 anterior,
1169 2278 1267 2313 lecto
1310 2284 1464 2313 truncus
1508 2280 1553 2314 26
1584 2291 1652 2314 cm.
1683 2284 1721 2313 et

87 2335 226 2371 lamina
257 2337 327 2371 145
357 2349 427 2371 cm.
456 2336 733 2384 longitudinem
776 2337 995 2384 attigerunt..
1046 2337 1103 2372 Ad
1147 2350 1250 2372 oram
1284 2336 1525 2371 Normandiae
1566 2341 1720 2372 truncus

91 2396 137 2430 70
166 2407 235 2430 cm.
265 2399 304 2429 et
332 2394 470 2429 lamina
499 2397 545 2431 85
572 2408 641 2431 cm.
671 2396 797 2443 longa.

218 2486 267 2517 De
303 2486 409 2525 mode,
446 2497 508 2526 quo
544 2489 575 2518 in
613 2487 674 2518 hac
710 2488 812 2518 forma
850 2488 1019 2518 evolvatur
1048 2497 1164 2518 novum
1196 2488 1321 2523 folium,
1348 2498 1410 2518 uon
1436 2498 1548 2519 omnes
1573 2492 1722 2519 auctores

87 2540 163 2568 sunt
197 2536 344 2576 ejusdem
382 2537 557 2576 opinionis.
606 2539 682 2569 Rev.
710 2539 908 2570 CLOUSTON
934 2539 1046 2580 (Harv.
1073 2539 1249 2579 Phycolog.
1275 2540 1355 2570 Brit.
1379 2540 1438 2570 sub
1468 2540 1559 2571 Lam.
1588 2541 1722 2579 dv'yitata

188 2599 267 2622 Nova.
288 2600 357 2621 Acta
377 2599 440 2628 Reg.
462 2599 522 2621 Soc..
544 2601 585 2622 Sc.
609 2601 672 2630 Ups.
713 2602 769 2623 Ser.
794 2601 841 2623 III.
1611 2603 1623 2623 2
