2051 3001
383 200 427 233 10
957 194 992 229 J.
1023 193 1066 228 E.
1097 193 1345 249 Amsscgouu,

327 298 523 336 stenophylla
547 296 610 326 tab.
626 296 709 335 338),
724 305 793 325 cum
821 294 860 324 de
887 293 1073 324 differentia
1088 293 1172 323 inter
1189 291 1311 332 ›>Cm⁷y›>
1329 291 1544 332 (Hasyyye‘am
1560 291 1740 332 Cloustom)
1758 296 1788 322 et
1804 292 1961 333 »Ταημῖεη

328 349 437 388 (Lam.
455 347 673 387 flemleartlcm)
704 355 760 376 sev
785 345 892 385 potius
918 345 1013 384 hujus
1038 344 1230 374 varietatem
1257 342 1409 382 loquitur,
1435 342 1525 382 dicit,
1551 352 1723 382 numquam
1751 343 1957 374 observatum

328 408 399 428 esse
430 398 460 427 in
486 397 648 436 »Tanglen
674 397 781 436 (Lam.
801 396 984 435 flea-[caum
1020 403 1135 424 novum
1173 394 1284 423 folium
1317 392 1493 432 quotannis
1518 393 1678 433 explicari
1703 394 1788 424 inter
1812 393 1957 433 stipitem

327 453 358 479 et
384 453 475 478 vetus
499 448 621 478 folium.
664 447 766 487 Hujus
792 446 962 476 sententiae
986 454 1112 484 quoque
1138 445 1214 474 clar.
1231 444 1280 473 LE
1295 444 1415 478 ιῙΟΙᾸΞ,
1443 443 1553 474 harum
1580 444 1760 483 specierum
1786 454 1958 484 monogra-

329 499 421 538 phus,
444 508 514 528 esse
538 498 666 528 videtur
689 497 763 537 (Sur
788 497 820 526 la
843 496 1036 526 Lanm‘narm
1061 496 1194 535 dlgsitata
1222 505 1251 534 p.
1272 495 1326 533 24)
1352 499 1382 524 et
1407 493 1554 524 declarat
1578 504 1705 534 quoque
1732 495 1837 534 modo,
1863 505 1956 534 quem

294 550 297 553 ⁴
329 549 514 588 intelligere
532 559 594 578 non
616 558 757 588 possum,
788 547 863 577 novi
888 547 958 577 folii
979 551 1093 577 ortum.
1131 546 1289 585 Equidem
1316 555 1332 575 e
1358 545 1504 575 Bahusia
1529 546 1641 585 accepi
1668 546 1763 577 annis
1792 546 1961 578 1875—80

327 600 491 630 mensibus
516 599 694 630 Februario
725 599 906 638 Martioque
932 608 1104 629 numerosa
1128 597 1320 637 specimina,
1339 606 1354 626 e
1373 596 1488 635 quibus
1514 597 1617 637 plura,
1643 607 1713 628 cum
1739 598 1866 628 minora
1890 603 1955 628 tum

328 652 463 691 majora,
482 651 567 681 inter
591 650 735 690 stipitem
756 655 964 689 veteremque
993 650 1147 680 laminam
1176 659 1290 678 nova-m
1318 648 1473 678 laminam
1502 648 1687 687 portabant,
1713 648 1958 689 constrictione,

326 706 359 733 ut
384 702 415 732 in
442 702 607 742 Hafgsqu
636 700 809 737 Cloustom,
835 701 875 730 ab
900 701 957 730 illa
981 700 1116 731 seclusa,
1158 700 1250 730 Nova
1276 698 1408 737 lamina,
1434 708 1503 728 cum
1531 702 1680 729 assecuta
1704 703 1753 729 est
1778 700 1954 730 normalem

326 763 414 783 suam
437 741 666 791 evolutionem,
681 752 780 781 rimas
792 751 831 781 -in
846 751 955 781 media
970 756 1062 790 parte
1088 750 1259 780 ostendere
1277 748 1403 788 incipit,
1419 749 1534 788 quibus
1559 750 1591 779 in
1616 750 1754 781 lacinias
1779 750 1956 791 scinditur;

325 807 418 833 vetus
454 802 576 832 lamina
602 812 675 842 non,
707 805 740 832 ut
771 802 802 831 iu
832 802 999 842 Hcgfygjyia
1034 802 1205 839 Cloustom,
1231 800 1297 830 fere
1323 799 1453 838 integra
1480 800 1643 839 abjicitur,
1669 800 1726 831 sed
1751 805 1840 831 tenet.
1864 811 1954 832 suum

325 853 428 883 locum
460 857 491 883 et
521 853 590 892 ejus
615 852 743 882 laciniae
768 857 937 882 remanent
963 853 994 882 in
1020 852 1168 892 apicibus
1194 850 1386 881 laoiniarum
1413 860 1505 880 novae
1531 851 1660 882 laminae
1686 861 1786 891 usque
1811 852 1843 882 in
1869 862 1955 883 men-

325 913 390 934 sem
406 903 538 942 Julium,
554 909 792 934 marcescentes
817 908 848 933 et
874 903 1072 942 organismis
1098 901 1285 942 parasiticis
1310 900 1499 940 inquinatae.
1532 902 1569 931 In
1589 902 1648 932 hac
1667 902 1854 933 differentia
1871 903 1956 934 inter

325 960 494 993 utramque
520 955 664 994 plantam
692 954 794 994 possit
820 955 929 984 forsan
956 954 1056 993 quaeri
1083 963 1193 992 causa,
1209 962 1264 982 cur
1289 951 1436 981 nonnulli
1457 957 1606 983 auctores
1625 963 1686 983 non
1706 953 1843 984 eundem
1863 964 1956 985 novae

324 1006 455 1036 lamina}
480 1006 686 1036 formationis
713 1005 840 1036 modum
867 1006 898 1035 in
926 1005 1202 1045 Lanaflc'aflcazdi,
1220 1013 1312 1042 quem
1334 1003 1366 1032 in
1386 1003 1554 1043 Hffqyyia
1573 1003 1745 1042 olom-tom,
1758 1004 1909 1036 viderint.

476 1100 510 1135 b.
545 1099 739 1135 subforma
767 1101 906 1135 latifolia
935 1099 1109 1134 Aresch.:
1142 1110 1242 1145 saepe
1272 1096 1538 1144 grandissima,
1569 1098 1633 1134 sed
1665 1099 1861 1136 latitudine
1889 1115 1955 1149 po-

324 1159 396 1194 tius
428 1172 537 1206 quam
566 1159 815 1206 longitudine,
849 1165 886 1193 et
915 1170 1147 1205 magnopere
1176 1156 1384 1201 variabilis3
1425 1170 1506 1192 oum
1537 1157 1575 1192 in
1605 1158 1787 1194 societate
1816 1159 1954 1206 prioris

322 1218 470 1261 crescit,
514 1218 683 1264 digitata,
727 1217 870 1252 laciniis
901 1216 1138 1252 solummodo
1174 1216 1290 1250 multo
1320 1215 1537 1265 latioribus3
1568 1229 1649 1251 eum
1680 1230 1770 1262 ver-o
1799 1218 1836 1254 in
1866 1218 1955 1254 sini—

321 1276 391 1311 bus
419 1289 439 1311 a
468 1276 558 1312 mari
589 1282 719 1323 aperto
755 1275 913 1310 seclusis
948 1275 1095 1320 crescit,
1126 1287 1227 1321 saepe
1257 1288 1331 1310 non
1359 1275 1487 1322 plures
1517 1275 1630 1310 habet
1659 1276 1813 1312 lacinias
1843 1290 1953 1324 quam

323 1338 420 1371 2-3
450 1335 664 1378 latissimas,
683 1342 719 1369 et
747 1335 783 1369 in
814 1347 907 1381 aqua
936 1333 1136 1379 tranquilla·
1164 1346 1369 1381 parumque
1392 1333 1592 1381 profunda,
1610 1347 1711 1382 saepe
1739 1335 1780 1370 fit
1799 1335 1953 1371 omnino

322 1394 495 1442 simplex7
538 1398 647 1428 ovata
677 1393 735 1428 vel
765 1393 940 1439 oblonga.
997 1391 1088 1426 Cum
1131 1399 1239 1427 vetus
1282 1392 1420 1427 lamina
1452 1392 1491 1427 in
1526 1393 1680 1428 lacinias
1710 1407 1786 1429 non
1815 1394 1954 1430 scindi-

321 1458 392 1499 tur,
423 1466 521 1488 nova,
550 1458 756 1498 coercetur,
785 1452 826 1487 fit
855 1450 1074 1486 orbicularis
1105 1458 1141 1485 et
1170 1451 1499 1498 calyptraesormis.

375 1538 445 1576 Syn.
492 1541 664 1567 salnaium-721
690 1540 809 1575 ‹lr'quta
834 1540 858 1565 h.
886 1539 1007 1575 Zatrfolia
1034 1537 1150 1565 Arvseh.
1177 1537 1263 1573 Pliyc.
1293 1538 1395 1565 Scand.
1422 1538 1522 1566 marin.
1547 1549 1573 1575 p.
1602 1539 1671 1566 122.

451 1614 574 1654 Modus,
600 1624 661 1653 quo
688 1624 771 1644 nova
796 1613 920 1643 lamina
956 1612 987 1642 in
1024 1612 1082 1642 hac
1119 1612 1280 1642 varietate
1310 1613 1479 1651 formatur,
1504 1616 1553 1643 est
1577 1613 1663 1644 idem
1689 1614 1832 1655 omnino,
1857 1625 1949 1655 quem

320 1666 353 1696 in
380 1665 527 1705 proxime
552 1665 757 1705 praeeedente
783 1664 1027 1704 descripsimus,
1046 1664 1207 1702 idemque,
1234 1664 1287 1703 qui
1313 1664 1345 1693 in
1371 1663 1539 1704 Hasssyffl'a
1563 1663 1727 1695 Clozaestom'
1750 1664 1952 1706 observatur,

322 1726 394 1746 nam
411 1726 521 1747 mense
536 1716 720 1751 Decembri,
735 1715 895 1746 Januario
920 1719 950 1745 et
976 1714 1154 1745 Februario
1180 1714 1292 1744 videre
1312 1714 1388 1745 licet
1412 1714 1444 1744 in
1460 1714 1604 1744 Bahusia
1629 1715 1740 1745 onmia
1764 1715 1832 1746 fere
1857 1716 1952 1757 hujus

320 1766 434 1797 formae
469 1766 661 1806 specimina,
697 1775 767 1796 oum
795 1765 939 1800 minima,
973 1765 1154 1805 pollicaria,
1186 1769 1251 1796 tum
1277 1765 1522 1805 2—3-pedalia,
1548 1765 1634 1796 iuter
1657 1765 1813 1796 laminam
1839 1770 1871 1797 et
1895 1767 1950 1798 sti-

321 1818 421 1858 pitem
459 1828 575 1848 novam
614 1817 769 1847 laminam
807 1816 897 1855 eniti,
921 1816 1154 1847 constrictione
1179 1816 1219 1846 ab
1249 1816 1506 1855 superimposita
1531 1816 1825 1848 distinctissimam.
1873 1818 1951 1849 Post

320 1868 494 1900 solstitium
532 1868 582 1898 vel
619 1872 806 1898 autumnum
839 1876 951 1897 versus
976 1867 1106 1906 abjecta
1137 1871 1184 1896 est
1214 1871 1307 1896 vetus
1342 1866 1468 1896 lamina
1498 1866 1548 1897 vel
1576 1871 1746 1898 remanent
1770 1868 1840 1908 ejus
1865 1869 1952 1909 frag-

320 1923 433 1950 menta
451 1918 689 1949 marcescentia
712 1918 744 1948 in
770 1917 864 1957 apice
890 1927 982 1947 novae
1007 1917 1150 1947 laminae.

449 1970 524 2000 Haeo
560 1969 664 1999 forma
699 1978 768 1999 cun]
802 1968 910 2008 priore
940 1968 1105 1998 invenitur
1137 1979 1198 1998 non
1226 1978 1309 2008 raro,
1346 1973 1378 1999 et
1402 1978 1478 1999 rara
1502 1979 1565 1999 non
1591 1972 1640 2000 est
1665 1978 1769 2009 neque
1794 1970 1835 2001 ad
1860 1981 1948 2002 oram

319 2022 444 2060 Galliae,
470 2030 573 2060 neque
599 2021 629 2050 in
667 2020 748 2050 mari
784 2019 975 2050 Britannico
1006 2024 1036 2049 et
1066 2019 1107 2049 ad
1133 2023 1233 2050 totam
1261 2029 1348 2050 oram
1376 2019 1606 2051 Scandinaviae
1631 2019 1879 2052 occidentalem.
1912 2022 1949 2052 In

319 2072 444 2103 sinibus
468 2071 679 2102 interioribus
704 2074 736 2101 et
760 2070 948 2109 tranquillis
973 2070 1079 2108 magis
1104 2070 1235 2109 integra
1260 2069 1294 2100 fit
1319 2073 1350 2100 et
1376 2070 1489 2110 major.

446 2122 643 2161 VarietateS,
679 2131 759 2161 quas
784 2125 954 2152 enumerat
979 2121 1028 2151 LE
1054 2121 1158 2152 JOLIS
1183 2121 1261 2161 (Sur
1279 2121 1308 2151 le
1326 2122 1520 2152 Laminarsa
1543 2123 1678 2162 dz'ffl'tata
1703 2133 1732 2162 p.
1747 2123 1814 2164 52),
1839 2123 1950 2155 incon-

317 2178 442 2205 stantes
467 2177 541 2203 sunt
566 2177 597 2203 et
622 2173 689 2203 abit
715 2173 819 2203 altera
844 2173 876 2202 in
902 2172 1037 2202 alteram
1065 2173 1134 2202 siue
1160 2172 1288 2211 finibus,
1314 2173 1399 2212 quod
1423 2173 1466 2203 40
1491 2182 1547 2212 per
1572 2182 1675 2203 annos
1701 2173 1883 2205 observavi.

473 2275 513 2310 B.
543 2276 761 2322 stenophylla
789 2275 918 2322 (HarV.
949 2275 1103 2322 Phycol.
1136 2275 1227 2310 Brit.
1259 2275 1327 2311 sub
1356 2275 1430 2311 tab.
1448 2276 1548 2323 338).
1592 2275 1668 2311 Sub
1697 2276 1768 2312 hoc
1797 2277 1950 2314 nomine

317 2343 520 2384 sequentes
564 2334 767 2370 subformae
808 2340 1085 2382 proponuntur,
1128 2347 1260 2369 omnes
1291 2347 1310 2369 a
1339 2334 1449 2369 nobis
1479 2335 1684 2371 varietates
1713 2336 1819 2371 Lam.
1840 2337 1952 2384 flexi-

317 2396 430 2430 caulis
459 2393 612 2429 habitae:

485 2488 514 2521 1.
570 2486 764 2522 subforma
793 2487 1031 2532 Orkneyensis
1060 2487 1217 2521 Areseh.
1249 2488 1333 2533 (sev
1361 2487 1573 2534 »Tangyle»):
1604 2492 1758 2523 truncus
1799 2486 1949 2523 inferne

314 2551 428 2589 teres,
470 2545 785 2590 rugoso-striatus
828 2550 865 2579 et
906 2545 1094 2592 paululum
1124 2545 1371 2591 incrassatus,
1402 2559 1565 2594 superne
1595 2547 1869 2594 complanatus,
1898 2559 1947 2582 m.
