2051 3001
376 192 418 225 18
938 189 973 225 J.
1002 189 1046 224 E.
1075 190 1324 233 Annsonone,

449 290 753 331 Plantaffirmennis.
800 289 877 320 Cum
901 289 1013 329 junior
1038 292 1097 329 est,
1123 289 1338 320 foraminibus
1364 293 1463 330 caret,
1501 300 1572 329 quae
1597 291 1756 331 explicari
1781 291 1954 332 incipiunt,

318 354 388 375 cum
415 343 652 382 longitudinem
684 341 768 372 2-3
796 341 963 372 unciarum
990 340 1112 380 attigit.
1162 341 1340 371 Foramina
1359 341 1542 372 formantur
1566 341 1599 372 in
1625 346 1717 382 parte
1742 342 1896 373 inferiore
1921 346 1952 373 et

318 394 505 425 increscunt
529 403 598 424 cum
625 396 733 432 aetate,
758 396 791 423 ut
816 392 980 423 foramina
1006 392 1133 433 majora
1150 393 1361 424 inveniantur
1378 393 1410 423 in
1429 393 1598 433 superiore
1616 397 1648 424 et
1665 393 1804 424 centrali
1820 393 1954 425 laminae

279 445 281 447 ’
319 449 420 486 parte.
456 446 550 475 Nova
575 443 738 474 foramina
762 442 945 474 formantur
971 444 1056 474 inter
1076 444 1145 484 jam
1170 445 1338 485 formatas,
1357 449 1389 475 ut
1414 444 1456 475 sit
1480 445 1566 475 inter
1583 455 1695 476 omnes
1713 445 1951 485 magnitudinis

316 496 511 535 differentia,
539 498 616 526 nata
639 504 678 525 ex
696 499 793 525 aetate
810 495 1016 535 foraminum,
1032 495 1063 525 in
1089 495 1238 526 omnibus
1263 495 1393 526 laminae
1410 495 1568 535 partibus,
1585 500 1724 536 excepta
1740 496 1820 527 basi.
1852 495 1951 527 Fora-

317 548 436 579 minum
474 548 626 578 formatio
663 546 779 587 incipit
810 546 994 577 elevatione
1024 546 1256 587 particularum
1296 547 1491 578 minutarum
1530 546 1672 587 laminae,
1705 557 1776 587 quae
1800 547 1954 578 videntur

314 599 415 630 veluti
442 602 562 639 puncta
587 598 740 638 penicillo
766 598 870 638 facta3
897 598 1037 638 denique
1057 598 1181 628 lamina
1206 599 1365 639 rumpitur
1389 598 1603 637 circulariter,
1621 602 1653 629 et
1670 599 1817 630 foramen
1834 598 1952 629 forma-

315 655 366 681 tur
391 651 547 681 minutum
574 654 605 680 et
630 649 791 680 elevatum
818 659 917 690 supra
941 649 1144 689 superficiem
1172 651 1309 681 laminae.
1357 650 1525 690 Margines
1545 659 1737 689 magnorum
1755 650 1949 681 foraminum

316 706 392 732 sunt
428 711 511 741 saepe
548 700 696 731 undulati
733 705 763 731 et
799 702 913 732 siccati
950 706 1015 732 tam
1055 701 1314 733 characteristici
1342 702 1504 742 videntur,
1529 705 1563 733 ut
1587 712 1704 733 novam
1730 702 1872 742 speciem
1897 711 1954 732 eos

316 753 454 793 prodere
479 753 629 784 crederes
655 753 726 789 (cfr.
752 753 915 784 FARLOW
941 753 961 785 l.
987 755 1040 793 c).
1067 754 1167 785 Costa
1191 754 1299 785 variat
1322 754 1498 794 insigniter
1524 753 1713 793 latitudine3
1739 752 1873 783 fortuito
1898 762 1950 783 ex-

313 804 431 835 crescit
466 804 648 844 formatque
680 804 834 835 laminam
861 805 1039 845 propriam,
1064 805 1203 836 normali
1231 805 1505 844 rectangulariter
1530 804 1726 844 oppositam.
1773 803 1953 835 Foramina

312 855 524 886 inveniuntur
548 865 674 895 quoque
699 856 731 886 in
756 866 841 886 nova
866 856 998 886 lamina.
1035 856 1173 886 Fructus
1194 857 1301 894 Assars
1325 856 1421 887 valde
1448 856 1565 887 similis
1592 859 1641 886 est
1654 855 1861 887 Laminar'ice.

719 1016 774 1069 V.
837 1015 886 1068 H
902 1015 943 1068 A
961 1014 1035 1067 LI
1056 1014 1092 1068 G
1109 1014 1146 1067 E
1162 1014 1202 1068 N
1222 1014 1245 1067 I
1261 1015 1302 1068 A
1349 1027 1538 1069 Deeaisne.

465 1183 585 1219 Radix
613 1182 734 1230 primo
765 1186 924 1226 scutata,
953 1180 1067 1216 fibras
1089 1181 1283 1229 simplices
1305 1181 1546 1218 abbreviatas
1564 1182 1714 1218 demum
1737 1180 1951 1230 proferens.

310 1245 483 1280 Truncus
513 1242 732 1290 subplanus,
761 1241 799 1276 in
828 1240 960 1276 folium
989 1246 1199 1276 eoostatum
1230 1241 1371 1277 sensim
1398 1241 1597 1277 dilatatus.
1640 1240 1953 1288 Cryptostomata

310 1304 349 1339 in
377 1309 537 1350 utroque
565 1302 682 1337 latere
716 1300 797 1335 folii
827 1313 970 1348 sparsa.

507 1415 536 1447 1.
580 1410 866 1447 HALIGENIA
898 1409 1251 1445 DERMATODEA
1282 1410 1351 1458 (De
1378 1410 1413 1446 la
1444 1410 1538 1458 Pyl.)
1569 1410 1623 1446 Le
1651 1410 1762 1446 Jolis.

465 1498 679 1546 Oaespitose
709 1509 898 1532 crescens.
948 1495 1069 1530 Radix
1112 1495 1361 1542 disoiformis,
1394 1496 1532 1532 deinde
1560 1495 1746 1532 verticillo
1774 1495 1950 1531 fibrarum

310 1558 549 1607 simplicium7
566 1557 780 1593 breviorum
796 1555 971 1591 formata.
1002 1554 1174 1590 Truncus
1197 1557 1217 1591 6
1239 1555 1369 1591 uncias
1386 1577 1435 1582 —
1453 1568 1571 1603 usque
1598 1555 1693 1590 duos
1722 1554 1841 1602 pedes
1869 1552 1951 1589 lon—

309 1631 394 1666 gus,
425 1609 680 1665 compressus⁷
715 1614 856 1650 sensim
890 1626 1081 1661 expansus
1110 1614 1148 1649 in
1178 1613 1309 1649 folium
1339 1627 1525 1661 crassum,
1555 1614 1779 1658 ooriaceum,
1800 1613 1951 1648 lanceo-

310 1677 425 1712 latum
468 1677 527 1711 vel
569 1674 965 1717 lanceolam-ovatum,
1012 1675 1107 1708 1—ss
1152 1673 1271 1721 pedes
1305 1673 1462 1721 longum
1492 1678 1529 1708 et
1558 1674 1682 1709 6—18
1712 1671 1871 1720 pollices
1899 1671 1952 1706 la-

310 1742 401 1782 tum⁷
432 1735 553 1783 primo
579 1734 781 1781 integrum,
803 1732 869 1768 sed
896 1732 1033 1768 deinde
1055 1745 1220 1780 superne
1241 1732 1278 1767 in
1300 1732 1429 1780 plures
1449 1732 1607 1768 lacinias
1629 1731 1803 1767 divisum.
1837 1730 1951 1765 Para—

309 1794 453 1843 physes
483 1799 644 1841 anguste
674 1793 843 1837 clavatae‚
872 1790 952 1827 fere
981 1792 1191 1835 O‚133—15o
1221 1791 1468 1839 nmi.longae;
1499 1790 1706 1839 sporangia
1733 1792 1833 1837 O‚100
1861 1803 1950 1825 mm.

309 1853 427 1901 longa
454 1858 491 1889 et
519 1855 731 1899 07010—-014
757 1864 844 1886 mm.
873 1851 960 1886 lata.

364 1923 435 1961 Syn.
482 1924 653 1950 Luminaria
677 1922 855 1949 clematodea
880 1921 922 1948 De
948 1921 974 1948 la
1000 1921 1060 1957 Pyl.
1087 1921 1130 1947 Fl.
1158 1921 1244 1947 Terre
1270 1930 1370 1947 neuve,

484 1974 655 2001 ›501343012712'3a
685 1973 864 2000 dermatodea
892 1972 1009 2000 Aresch.
1045 1972 1114 1999 Οὓς,
1143 1972 1231 2008 Phyc,
1257 1972 1335 1999 Part.
1362 1972 1449 1999 tertia
1485 1982 1513 2008 p.
1541 1973 1594 2004 11;
1642 1971 1754 1998 Farlow
1790 1970 1873 2007 Algfc
1899 1970 1931 1998 of

570 2026 639 2053 New
666 2025 800 2060 England
825 2035 852 2061 p.
880 2025 930 2052 95.

481 2077 651 2104 Succorlziw
676 2077 751 2103 lorea
775 2076 892 2104 Aresch.
922 2076 987 2111 Alg,
1014 2076 1058 2103 Sc.
1086 2086 1144 2103 exs.
1173 2085 1199 2103 n.
1227 2076 1287 2103 213
1313 2075 1447 2112 (junior).

483 2129 636 2164 JJaliqenm
662 2129 838 2155 [Zermatodea
863 2128 903 2155 Le
928 2127 1003 2154 Jolis
1029 2128 1082 2154 Sur
1107 2127 1132 2154 le
1158 2127 1239 2156 Lam.
1265 2127 1391 2161 digitum
1415 2136 1442 2163 p.
1470 2126 1508 2153 63
1539 2125 1639 2158 (591).

465 2203 614 2240 Crescit
642 2203 679 2238 in
708 2202 801 2238 mari
831 2202 1009 2238 atlantico
1040 2202 1185 2238 boreali·
1213 2202 1258 2237 ad
1289 2215 1374 2237 oras
1405 2197 1590 2236 Americae
1609 2199 1774 2235 borealis
1796 2203 1833 2234 et
1851 2198 1951 2247 Lap-

311 2263 448 2311 poniae⁷
478 2274 611 2310 aquam
650 2261 878 2309 profundam
921 2269 1118 2310 expetens.
1176 2262 1335 2297 Lamina
1377 2261 1598 2309 plerumque
1640 2258 1814 2307 simplex,
1843 2258 1950 2294 utin

312 2322 531 2357 Laminaria
559 2322 784 2368 sacellarium
814 2321 882 2356 sed
922 2320 1113 2356 interdum
1144 2320 1314 2368 dignata,
1344 2326 1384 2355 ut
1412 2332 1501 2355 vera
1529 2318 1749 2355 Lamina-ria
1778 2318 1950 2366 (Iiyitatm

311 2393 442 2427 margo
473 2385 595 2415 autem
624 2392 827 2427 numquam
856 2380 1058 2415 undulatus
1089 2385 1125 2415 et
1154 2379 1337 2415 tenuioris
1366 2377 1639 2424 consistentiae‚
1656 2389 1765 2424 quam
1794 2376 1833 2412 in
1860 2389 1951 2412 vera

313 2439 531 2474 Lamimzrz'a
559 2439 790 2484 sacelzarz'na3
833 2444 913 2474 tota
942 2439 1083 2486 planta.⁷
1118 2444 1159 2474 ut
1192 2438 1352 2484 videtur,
1386 2437 1483 2473 muci
1518 2449 1667 2485 expers.
1710 2435 1755 2471 In
1775 2434 1951 2470 America

312 2497 391 2532 haec
433 2498 580 2545 species
616 2510 699 2532 rara
735 2504 794 2533 est.
834 2497 880 2533 ad
922 2497 1179 2543 Marblehead,
1213 2497 1450 2545 frequentior
1492 2495 1538 2531 ad
1582 2508 1685 2530 oram
1714 2493 1851 2540 Maine,
1881 2492 1949 2529 sed

313 2555 431 2590 rarior
460 2568 568 2602 quam
598 2554 750 2603 reliquae
779 2556 1014 2592 Laminariae.
