2051 3001
341 220 364 254 4
919 215 954 250 vJ.
983 215 1026 250 Ε.
1056 215 1298 259 ARESCHOUG,

289 318 536 355 transversali
578 318 676 353 inter
715 315 918 352 medullam
962 320 999 351 et
1040 316 1233 363 margines
1276 315 1489 364 simplicem
1531 316 1749 352 lacunarum
1791 318 1928 354 serien}

290 378 465 425 utrinque
495 376 715 412 ostendens.
770 375 1026 411 Fructificatio
1055 388 1124 423 per
1152 375 1309 411 lacinias
1340 376 1672 412 maculaeformiter
1699 389 1845 425 sparsa.

443 437 561 472 Extra
590 435 713 484 Caput
749 435 859 470 bonae
895 434 989 482 spei7
1026 434 1088 470 ubi
1118 448 1239 483 prope
1268 435 1401 471 urbem
1430 435 1469 471 in
1500 434 1612 471 litora
1639 448 1723 472 cum
1754 437 1929 473 Eclclom'oe

289 496 466 532 bracchiali
495 494 696 542 quotannis
727 494 885 542 ejicitur.

420 597 469 627 Ab
494 596 647 626 affinibus
670 596 842 636 speciebus
869 595 936 626 haec
961 595 1203 635 quodammodo
1229 594 1338 626 differt
1364 595 1558 626 annulorum
1584 595 1713 627 defectu
1735 599 1767 627 et
1784 596 1929 628 medulla

289 649 322 679 in
348 648 492 680 sectione
518 647 732 679 transversali
758 647 899 678 rotunda
927 651 959 678 et
983 647 1172 687 grandiore.
1219 646 1312 683 Quod
1339 647 1380 678 ad
1406 650 1565 678 staturam
1592 647 1720 686 attinet,
1745 648 1929 688 specimina

290 700 333 731 H.
361 699 525 732 Clouston‘i
558 709 597 729 ex
633 699 749 729 insulis
785 697 919 739 Orkney
955 702 986 728 et
1022 698 1217 729 Finmarkia
1253 698 1406 729 orientali
1436 708 1506 729 cuni
1533 698 1727 738 quibusdam
1753 698 1929 740 Hafyyffl'ae

285 751 420 791 pallz‘clce
455 750 689 790 speciminibus
726 760 789 780 non
826 749 912 780 male
948 749 1156 780 conveniunt.
1207 749 1307 789 Hafa,
1329 750 1465 789 pallidae
1502 753 1569 780 tres
1607 749 1764 781 habemus
1794 750 1928 791 formas,

289 811 360 841 quae
385 805 473 831 sunt:

346 863 370 892 1.
420 864 531 893 minor:
558 862 757 892 Laminarice
776 861 943 900 flexioauli
967 860 1084 891 similis
1110 864 1141 892 et
1166 861 1206 891 ab
1232 861 1327 901 hujus
1353 861 1467 892 formis
1497 861 1676 892 minoribus
1705 871 1767 892 non
1798 871 1929 902 semper

422 912 579 943 distincta
602 913 758 952 (veterum
786 915 952 942 auctorum
982 911 1073 942 Lam.
1100 912 1236 952 (lidqz'tctta
1261 921 1277 942 e
1302 911 1381 952 Cap.
1406 911 1480 942 bon.
1506 912 1601 953 spei).

342 973 371 1003 2.
419 974 553 1004 evoluta:
578 971 684 1003 adhuc
709 976 878 1012 vegetans,
905 975 1038 1003 truncus
1064 972 1287 1012 longissimus,
1313 972 1438 1003 lamina
1462 982 1502 1002 m.
1531 973 1601 1012 1,15
1626 972 1736 1013 longa.

342 1032 369 1062 3.
419 1034 565 1063 maxima:
598 1035 729 1062 truncus
766 1032 837 1063 basi
872 1032 1009 1063 circuitu
1035 1043 1073 1062 m.
1099 1033 1183 1073 0708,
1216 1043 1255 1063 m.
1284 1034 1354 1073 1‚o‹1;
1380 1033 1509 1072 longus,
1534 1032 1658 1063 lamina
1682 1043 1722 1063 ni.
1751 1033 1928 1074 1‚15(spe-

418 1082 523 1113 cimen
549 1083 717 1123 siccatum,
743 1093 802 1114 nec
823 1082 1015 1124 madidum).
1064 1084 1139 1115 Haec
1164 1084 1269 1114 forma
1294 1094 1357 1114 non
1385 1083 1470 1114 male
1495 1086 1628 1114 revocat
1646 1083 1822 1114 maximum
1838 1083 1927 1125 Haf—

414 1136 518 1174 χωρία)
547 1134 710 1165 Clouslom'
733 1144 750 1164 e
775 1133 971 1165 Finmarkia
995 1135 1177 1175 specimen3
1204 1135 1259 1165 cfr.
1287 1144 1396 1175 supra.

676 1332 709 1365 4.
753 1329 1021 1367 HAFGYGIA
1052 1329 1343 1366 RUPREUHTI
1378 1330 1537 1366 Aresch.

455 1424 559 1460 {adix
599 1428 763 1471 ‘ramosa⁷
807 1424 920 1459 ramis
963 1424 1168 1471 1naj‹5›ril)us
1198 1438 1279 1460 cum
1311 1425 1522 1461 minoribus
1552 1425 1806 1473 conglobatiS‚
1836 1425 1929 1463 orbe

287 1486 503 1521 lacunarum
541 1484 805 1520 muciferarum
843 1484 879 1519 in
908 1484 1060 1520 cortice.
1117 1484 1288 1520 Truncus
1318 1485 1458 1529 brevis,
1489 1485 1612 1520 siccus
1641 1484 1723 1521 fere
1752 1498 1773 1520 a
1800 1485 1928 1522 radice

287 1557 545 1592 compressus⁷
589 1543 762 1591 superius
806 1543 1143 1592 subcomplanatus
1180 1550 1217 1580 et
1247 1544 1488 1579 obcuneatim
1517 1544 1554 1579 in
1583 1544 1760 1580 laminam
1791 1557 1927 1581 evane-

288 1617 411 1647 scens⁷
448 1603 589 1639 cortice
625 1603 797 1648 deciduo,
837 1602 927 1637 orbe
962 1602 1179 1638 lacunarum
1215 1603 1481 1638 muciferarum
1509 1603 1546 1639 in
1577 1603 1718 1640 cortice
1746 1604 1928 1640 interiore

288 1670 461 1708 ornatus3
505 1663 668 1698 medulla
710 1662 791 1698 basi
826 1662 862 1697 in
900 1662 1069 1697 sectione
1112 1663 1360 1698 transversali
1389 1663 1556 1710 linearis,
1587 1663 1762 1711 utrinque
1792 1663 1928 1700 obtusa

286 1724 495 1770 leniterque
535 1728 698 1757 curvata.
755 1721 900 1757 Folium
934 1722 971 1756 in
1008 1722 1113 1757 basin
1150 1722 1367 1758 acutissime
1407 1727 1660 1767 attenuatum,
1704 1729 1926 1771 angustum,

286 1782 565 1830 longissimum.
608 1781 751 1816 duabus
795 1780 941 1815 laciniis
985 1780 1220 1828 simplicibus
1266 1781 1501 1829 confectum⁷
1531 1782 1629 1818 inter
1658 1781 1860 1818 medullam
1889 1788 1927 1818 et

286 1841 478 1889 margines
508 1841 543 1875 iu
575 1840 744 1875 sectione
773 1840 1019 1876 transversali
1062 1841 1197 1876 seriem
1241 1841 1451 1890 simplicem
1492 1843 1709 1878 lacunarum
1750 1842 1927 1890 utrinque

287 1901 507 1937 ostendens.
564 1900 819 1936 Fructificatio
849 1914 925 1936 non
954 1901 1046 1936 visa.

440 1960 481 1995 ln
514 1960 603 1995 mari
634 1960 790 2007 pacifico
821 1960 867 1996 ad
897 1961 1058 1996 insulam
1091 1961 1232 2007 Sitcha,
1261 1961 1360 1997 unde
1392 1961 1497 1997 dedit
1525 1962 1731 1998 RUPRECHT
1773 1960 1927 1996 nomine

286 2021 512 2056 Lamiwarice
542 2021 777 2055 dermatodecv
805 2020 968 2065 unicum,
999 2020 1099 2067 quod
1128 2021 1303 2065 vidimus,
1335 2021 1542 2069 specimen.

431 2123 523 2153 Hanc
550 2122 774 2153 Lanatum-iam
799 2124 1048 2163 dmmatodeam,
1086 2133 1156 2163 quzc
1192 2134 1270 2154 vera
1305 2135 1369 2154 non
1408 2129 1467 2164 est,
1503 2125 1532 2156 J.
1556 2125 1713 2155 AGARDH
1737 2133 1806 2154 cum
1833 2123 1925 2155 Lam.

288 2175 485 2215 steuopltylla
506 2174 604 2204 Harv.
631 2174 831 2214 conjungere
857 2175 925 2205 vult
950 2175 1013 2215 (De
1032 2175 1252 2206 Laminarieis
1278 2186 1305 2216 p.
1328 2177 1386 2217 18),
1405 2175 1490 2216 quod
1516 2184 1592 2205 vero
1617 2174 1697 2205 mihi
1722 2174 1928 2214 impossibile

288 2226 428 2265 videtur,
454 2235 528 2256 nam
556 2225 623 2255 haee
648 2224 827 2265 Ruprechti
863 2225 955 2256 Lam.
981 2226 1181 2257 clemnafadm
1209 2226 1305 2257 habet
1336 2231 1484 2268 systema
1516 2227 1704 2256 lacunarum
1730 2225 1806 2265 tale,
1831 2225 1928 2265 quale

291 2287 390 2317 supra
421 2277 453 2307 in
485 2276 652 2317 Hagfssyqia
683 2275 917 2316 descripsimus
953 2281 984 2307 et
1014 2277 1105 2317 cujus
1131 2277 1162 2307 in
1188 2278 1279 2308 Lam.
1306 2279 1505 2319 stenoplzgylla
1531 2277 1639 2316 Harv„
1666 2286 1736 2316 quae
1761 2280 1810 2307 est
1834 2277 1926 2308 Lam.

280 2329 466 2368 flea-scamis
502 2327 616 2366 forma,
654 2337 693 2357 ne
730 2327 897 2357 minimum
924 2327 1054 2367 quidem
1081 2328 1274 2358 observatur
1299 2329 1485 2369 vestigium.
1534 2329 1649 2368 Itaque
1673 2328 1779 2358 coacti
1808 2327 1928 2359 fuimus

289 2389 406 2408 novam
443 2378 583 2408 condere
620 2378 773 2418 speciem.
822 2379 936 2409 Restat
972 2382 1080 2409 tamen
1118 2379 1272 2418 qiucstio:
1309 2385 1400 2411 estne
1432 2381 1557 2421 planta,
1593 2389 1689 2419 quam
1726 2379 1884 2410 AGARDH
1908 2389 1928 2410 a

288 2430 491 2460 RUPRECHT
517 2430 655 2469 accepit,
678 2429 804 2469 eadem,
830 2439 925 2469 quam
953 2430 1003 2461 hic
1029 2430 1106 2460 mihi
1134 2430 1294 2461 donavit?
1343 2430 1435 2467 Quod
1461 2442 1532 2462 cum
1558 2431 1715 2462 AGARDH
1739 2439 1830 2460 suam
1856 2439 1925 2460 euni

290 2482 382 2512 Lam.
400 2480 598 2520 stesnophystla
622 2480 841 2520 conjungerit,
866 2480 1001 2511 credere
1026 2481 1079 2511 vix
1106 2491 1246 2521 possum.

424 2530 501 2561 Cum
527 2531 666 2571 unicum,
692 2535 725 2561 ut
760 2531 913 2571 diximus,
943 2535 1068 2563 tantum
1100 2533 1278 2564 viderimus
1303 2534 1481 2574 specimen,
1506 2533 1760 2573 descriptionem
1786 2532 1927 2573 eomple-

289 2586 355 2612 tam
382 2581 459 2612 dare
484 2592 546 2612 non
574 2592 753 2621 possumus,
778 2592 948 2622 speramus
974 2587 1081 2614 tamen
1108 2585 1315 2616 characteres
1341 2585 1536 2616 essentiales
1566 2585 1652 2615 haud
1682 2583 1820 2614 omissos
1843 2592 1925 2614 esse.
