2051 3001
372 187 416 220 1ss
619 184 652 219 J.
683 184 728 219 E.
757 184 999 229 ARESCHOUG,
1026 181 1335 218 OnsnssvArroNEs
1365 182 1657 218 ancomemu.

469 286 527 320 Ex
563 285 737 321 omnibus
768 284 1076 330 Laminariaceis,
1107 297 1189 331 quae
1218 284 1328 319 nobis
1359 285 1523 332 cognita}
1553 290 1652 327 sunt,
1681 298 1772 332 rem,
1804 285 1849 321 de
1879 298 1952 333 qua

317 345 507 393 quaeritur,
538 358 650 391 quum
680 345 917 392 respicimus,
961 343 1121 379 maxime
1162 343 1307 378 recedit
1348 344 1490 386 Almia,
1534 357 1619 379 nam
1648 346 1726 391 jam
1753 344 1950 379 mensibus

318 403 532 452 Septembri
575 408 612 438 et
651 402 806 439 Octobri
849 402 1030 437 emoritur
1070 401 1116 437 ad
1160 414 1245 436 oras
1276 401 1572 438 Scandiliavicas
1602 403 1740 438 Alariae
1769 403 1953 438 esculenta>

315 463 465 508 lamina,
506 462 608 497 nulla
649 475 746 496 nova
789 467 1001 509 procreata.
1065 460 1141 496 Sed
1184 466 1381 495 remanent
1419 461 1670 509 sporopliylla
1706 461 1804 496 haud
1846 461 1951 496 tabe-

316 522 462 557 scentia
496 527 675 556 autumno
715 525 751 555 et
780 519 903 555 hieme
933 533 1068 567 sporas
1099 532 1278 567 sparsura
1306 519 1470 567 indeque
1504 520 1644 555 veteris
1669 520 1818 555 laminae
1846 520 1952 555 sunc-

316 581 419 616 tione
450 579 549 627 apud
579 579 885 614 Laminariaceas
915 578 1126 625 fungentia.
1182 577 1249 613 Vis
1279 578 1405 613 vitalis
1435 584 1563 614 tamen
1600 579 1710 614 adest
1737 579 1776 614 in
1805 584 1952 625 trunco,

316 652 401 675 nam
430 639 503 673 fine
532 637 727 673 Februarii
757 642 794 672 et
822 637 929 672 initio
958 637 1083 672 Martii
1114 650 1132 672 e
1162 637 1255 672 inari
1284 637 1485 673 Lofotensi
1515 638 1661 673 extrahi
1681 642 1844 685 possunt
1864 650 1952 685 spe—

317 698 466 742 cimina,
510 710 592 743 quae
629 696 772 731 liabent
813 696 989 731 laminam
1033 709 1151 743 usque
1187 698 1234 732 50
1264 709 1335 731 cm.
1368 697 1523 743 longam
1559 703 1596 732 ct
1635 698 1682 732 20
1724 709 1795 732 cm.
1837 696 1952 731 latam

317 762 538 802 costamque
572 758 585 790 1
620 769 688 790 cm.
719 754 844 790 latam.
879 755 991 803 Apud
1022 755 1148 790 omnia
1173 755 1393 803 specimina,
1424 768 1536 802 quum
1566 756 1711 791 minora
1741 755 1952 802 etjuniora,

317 821 395 850 tum
425 827 565 861 magna
590 819 627 849 et
656 813 853 859 adultiora,
887 814 1112 849 observatur
1140 813 1177 848 in
1209 814 1316 861 apice
1333 813 1589 861 fragmentum
1607 814 1721 849 breve
1738 819 1855 849 costae
1871 813 1953 848 folii

316 873 500 921 praeteriti
543 873 641 908 anni.
698 872 788 908 Haec
826 878 996 907 veterum
1032 872 1136 918 (anni
1165 872 1442 920 antecedentis)
1473 873 1695 908 laminarum
1724 873 1952 920 fragmenta,

317 945 399 979 quae
429 931 599 979 apicibus
629 944 810 967 novarum
841 931 956 966 infixa
981 937 1079 977 sunt,
1111 931 1259 966 demum
1290 932 1547 979 putrescendo
1577 932 1809 967 amittuntur.

472 990 688 1025 Alariaceas
718 1003 830 1038 quum
859 990 1194 1036 nominaverimus,
1223 1004 1267 1026 ea
1296 1004 1445 1038 (1110(1110
1475 1004 1619 1038 genera
1648 1003 1787 1037 earum,
1818 1003 1900 1037 quae
1915 989 1954 1024 111

318 1049 483 1085 maribus
514 1049 878 1096 septentrionalibus
908 1049 1163 1093 inveniuntur,
1194 1062 1404 1085 memorare
1435 1050 1629 1085 debemus.
1685 1049 1777 1085 Haec
1807 1054 1952 1084 tantum

319 1108 393 1143 duo
424 1114 522 1152 sunt,
554 1121 707 1156 nempe:

476 1169 507 1202 1.
565 1167 761 1202 EUALARIA
789 1169 898 1203 nobis.
930 1167 1050 1202 Radix
1079 1167 1350 1211 ramosissima,
1380 1166 1494 1201 ramis
1525 1165 1780 1213 conglobatis,
1808 1165 1847 1200 in
1867 1177 1954 1200 cen-

316 1231 375 1261 tro
418 1226 569 1261 canales
611 1226 828 1262 inevolutos
872 1226 1176 1261 ostendentibus.
1232 1225 1405 1261 Truncus
1447 1225 1595 1260 inferne
1629 1230 1748 1270 teres,
1787 1235 1953 1271 superne

319 1297 578 1331 compressus,
618 1285 720 1321 intus
754 1285 898 1321 farctus
934 1290 971 1321 et
1005 1285 1086 1320 basi
1120 1287 1216 1319 1—22
1246 1284 1394 1319 annulis
1425 1289 1594 1330 ornatus,
1622 1283 1787 1319 medulla
1815 1281 1954 1318 canali-

320 1342 389 1378 bus
419 1343 662 1390 circumdata,
704 1357 773 1392 per
814 1350 933 1379 totam
974 1344 1055 1379 folii
1085 1343 1363 1390 longitudinem
1391 1342 1713 1378 adscendentibus
1743 1347 1780 1377 et
1807 1341 1845 1377 in
1875 1353 1956 1376 500-

319 1401 423 1436 tione
464 1403 713 1438 trausversali
742 1409 859 1438 costae
894 1402 1036 1450 optime
1068 1401 1298 1447 visibilibus3
1335 1407 1443 1437 costa
1470 1401 1654 1447 fistulosa,
1683 1400 1809 1436 fistula
1834 1399 1955 1447 septis

318 1460 637 1496 transversalibus
667 1461 704 1497 in
733 1462 879 1497 loculos
902 1461 1119 1496 subalterne
1135 1460 1331 1508 longiores
1347 1460 1619 1508 brevioresque
1636 1459 1768 1495 divisa.
1797 1458 1956 1494 Lamina

320 1531 439 1566 usque
470 1521 594 1555 6—10
624 1533 671 1556 m.
702 1520 818 1568 longa
847 1526 884 1556 et
912 1522 960 1556 20
993 1533 1062 1555 0111.
1094 1524 1131 1555 et
1158 1519 1256 1556 ultra
1283 1520 1371 1565 lata,
1389 1519 1650 1555 consistentiae
1665 1517 1912 1564 tenuissimae,
1935 1529 1956 1552 a

322 1578 494 1625 margine
523 1578 561 1613 111
591 1584 736 1614 costam
765 1579 886 1615 fissili.

474 1636 610 1672 Differt
638 1637 709 1673 1100
738 1650 860 1685 genus
890 1638 936 1674 ab
965 1639 1096 1674 Almia
1126 1643 1233 1673 costa
1259 1637 1432 1673 fistulosa
1459 1643 1497 1673 et
1529 1642 1690 1685 septata,
1723 1649 1794 1672 1100
1820 1635 1956 1682 farcta,

321 1695 515 1730 canalibus
546 1696 739 1731 muciferis
767 1697 806 1731 in
823 1697 992 1733 sectione
1009 1697 1257 1732 transversali
1281 1703 1397 1732 costae
1420 1695 1721 1731 distinctissimis
1743 1694 1956 1741 laminaque

320 1753 503 1800 gigantea
526 1760 562 1790 et
591 1755 825 1791 tenuissima..
855 1776 904 1781 ——
934 1755 1070 1803 (Hujus
1100 1756 1173 1791 loci
1201 1761 1262 1791 est
1290 1756 1420 1791 Almia
1441 1755 1610 1803 fistulosa
1639 1754 1741 1789 Post.
1773 1758 1810 1788 et
1839 1753 1954 1801 Rupr.

322 1811 465 1847 Illustr.
496 1826 530 1860 p.
565 1816 622 1858 ll,
652 1819 678 1849 t.
706 1813 823 1860 XVI.)

477 1874 509 1906 2.
566 1872 693 1908 Alaria
731 1874 774 1908 L.
813 1879 850 1908 et
886 1875 1030 1909 Auctor.
1086 1873 1207 1909 Radix
1240 1886 1401 1909 ramosa.
1437 1873 1610 1908 Truncus
1644 1872 1718 1907 ima
1746 1872 1828 1907 basi
1857 1873 1957 1908 3——4

323 1929 475 1965 annulis
506 1937 673 1978 ornatus,
703 1932 844 1967 nullum
875 1932 1004 1967 orbem
1021 1932 1237 1987 lacunarum
1253 1945 1323 1967 1100
1345 1929 1957 1976 0011010511]0111(10115;111οᾶ011οἱ11

323 1988 494 2024 sectione
524 1989 697 2035 linearis;
741 1996 848 2026 costa
877 2004 1110 2038 compressa,
1139 1991 1270 2026 farcta.
1326 1990 1485 2025 Lamina
1519 2002 1618 2025 nunc
1656 1989 1956 2034 membranacea,

325 2059 424 2082 nunc
454 2047 638 2084 coriacea.
683 2048 942 2097 Sporophylla
971 2062 1205 2098 magnopere
1234 2049 1496 2096 magnitudine
1525 2051 1562 2087 111
1594 2050 1735 2106 eodem,
1750 2048 1957 2097 specimine

324 2105 522 2141 variantia.
592 2107 792 2155 Plurimas,
837 2121 929 2155 quas
966 2108 1142 2152 vidimus,
1179 2121 1292 2155 quum
1335 2121 1380 2143 ex
1421 2108 1575 2158 Europa
1619 2108 1774 2153 boreali,
1816 2113 1895 2143 tum
1937 2120 1957 2142 e

324 2164 417 2199 mari
459 2166 617 2213 pacifico
660 2166 805 2203 boreali
847 2167 959 2214 hujus
1001 2167 1155 2214 generis
1197 2166 1340 2202 formas
1384 2168 1560 2214 specifice
1591 2168 1790 2203 distinctas
1818 2166 1959 2202 habere

321 2235 397 2258 non
427 2236 644 2271 possumus.

1021 2362 1255 2385 CORRIGENDA.

848 2411 899 2436 Pag.
915 2413 925 2430 ὁ
941 2412 978 2431 lin.
995 2413 1005 2431 3
1020 2418 1082 2436 supra
1097 2412 1175 2436 legitur
1190 2414 1212 2431 75
1226 2418 1264 2435 cm,
1282 2414 1326 2436 {eye
1342 2414 1352 2432 7
1369 2418 1414 2432 mm.

958 2452 971 2460 ,,
998 2439 1010 2456 4
1049 2452 1062 2461 ,,
1130 2452 1143 2460 ,,
1196 2440 1221 2457 14
1235 2444 1273 2462 cm,
1302 2453 1315 2461 ,.
1344 2442 1355 2457 4
1371 2444 1409 2459 cm.
