2051 3001
384 187 404 220 [θ

957 183 992 219 J.
1020 183 1063 218 E.
1092 184 1340 230 Annsonoue,

487 285 578 320 Haec
620 285 770 332 species
811 285 849 319 in
892 285 1046 332 Europa
1088 284 1211 320 media
1244 290 1282 320 et
1315 284 1458 320 boreali
1498 298 1574 321 non
1615 299 1699 322 rara
1741 292 1799 323 est
1828 288 1971 336 planta,

330 358 555 392 quamquam
590 344 635 380 ab
667 344 857 391 algologis
886 357 970 379 raro
1000 344 1149 391 legitur,
1178 344 1251 379 nisi
1281 343 1326 379 ab
1355 344 1466 379 undis
1496 357 1515 380 e
1546 345 1638 380 mari
1663 344 1795 392 ejecta.
1850 345 1968 393 Cujus

328 405 383 440 rei
416 417 529 440 cansa
556 404 593 439 in
624 417 667 439 eo
698 404 824 452 posita
853 409 923 449 est,¹
953 404 1053 451 quod
1082 404 1197 451 longe
1226 403 1453 452 profundius
1483 403 1632 448 crescit,
1662 416 1773 451 quam
1801 403 1876 439 ulla
1896 404 1968 440 alia

330 464 429 511 apud
472 476 542 498 nos
585 463 747 511 species,
791 463 858 499 sed
896 463 973 510 jam
1020 465 1113 499 1841
1159 476 1288 499 mense
1330 463 1432 499 Julio
1476 463 1621 499 extraxi
1660 476 1679 499 6
1711 464 1804 500 mari
1846 477 1968 513 prope

330 522 621 570 Christineberg
649 522 687 557 in
716 522 881 557 Bahusia
910 522 983 557 duo
1014 522 1237 557 Laminariae
1267 522 1461 570 cujusdam
1497 523 1718 570 specimina,
1749 536 1831 571 quae
1860 530 1967 571 quat-

328 587 412 616 tuor
441 581 521 617 fere
551 582 737 617 decennia
765 581 803 616 in
832 580 1006 616 herbario
1038 586 1258 616 manserunt
1292 581 1601 627 indeterminata3
1644 582 1827 630 proximis
1856 583 1966 618 annis

329 639 490 687 denique
520 640 557 675 in
586 640 632 675 iis
665 641 894 690 Haslqygyiam
913 640 1093 677 Cloustoni
1117 641 1336 687 recognovi.
1384 641 1477 677 Cum
1507 641 1623 688 igitur
1651 642 1695 677 cl.
1725 642 1789 677 Dr.
1818 641 1966 678 LAGER-

327 712 446 735 sTEDT
479 702 573 736 1881
605 700 651 736 11(1
682 700 973 747 Christineberg
1008 700 1079 735 iter
1114 700 1268 745 faceret,
1299 713 1319 735 a
1348 713 1406 735 1116
1436 700 1657 736 exhortatus
1686 701 1769 748 fuit,
1798 707 1838 737 ut
1865 701 1963 737 hanc

326 760 461 795 iterum
504 760 674 795 invenire
719 765 930 802 conaretur,
967 759 1065 806 quod
1098 771 1245 806 (1110(106
1275 765 1350 794 tam
1380 771 1566 807 prospere
1594 759 1697 803 fecit,
1727 766 1767 796 ut
1795 760 1883 796 mihi
1915 762 1962 797 30

325 818 435 865 hujus
466 819 609 866 speciei
649 820 869 867 specimina,
912 832 986 854 uno
1029 818 1108 854 fere
1151 819 1234 854 loco
1278 819 1385 862 lecta,
1416 826 1601 867 praestare
1630 821 1809 868 potuerit.
1864 820 1960 856 Dein

325 878 424 914 lecta
454 884 512 914 est
540 879 709 927 pluribus
743 879 836 914 locis
867 879 912 915 ad
943 892 1045 914 oram
1077 878 1350 914 occidentalem
1380 892 1462 914 011111
1485 879 1642 926 Sueciae,
1658 886 1735 915 tum
1757 879 1963 928 Norvegiae

325 951 444 985 usque
474 938 511 973 111
540 939 635 974 fines
665 938 902 983 Finmarkiae,
933 937 1067 985 quibus
1098 951 1141 972 ex
1172 938 1247 973 oris
1279 938 1480 974 cl.FOSL1E
1508 938 1650 973 ultimis
1680 939 1787 974 annis
1816 939 1960 987 largam

324 997 645 1033 Laminariearum
688 1010 852 1032 messem
881 997 1097 1044 benigniter
1127 997 1237 1032 misit.
1295 996 1512 1045 Specimina
1540 997 1800 1044 Bahusiensia,
1830 1011 1961 1034 mense

324 1057 498 1104 Augusto
542 1057 653 1102 lecta,
683 1070 766 1092 cum
809 1056 1079 1104 speciminibus
1114 1056 1283 1103 ejusdem
1327 1056 1599 1104 magnitudinis
1636 1069 1681 1092 ex
1717 1056 1871 1105 Orkney
1913 1057 1959 1092 ad

324 1128 489 1163 unguem
521 1117 762 1151 conveniunt.
805 1116 968 1151 Maxima
996 1116 1031 1151 in
1062 1116 1226 1151 Bahusia
1255 1116 1351 1151 lecta
1380 1122 1557 1163 crescunt
1584 1117 1620 1152 in
1652 1129 1747 1164 aqua
1776 1119 1796 1153 9
1819 1130 1959 1165 orgyas

324 1175 525 1223 profunda,
555 1182 690 1211 trunco
721 1175 967 1211 adnumerato
998 1177 1095 1210 2-3
1125 1174 1244 1222 pedes
1273 1175 1405 1222 longa3
1438 1175 1548 1211 etiam
1580 1176 1724 1223 majora
1752 1175 1960 1224 specimina

323 1247 496 1270 crescere
540 1235 576 1270 in
621 1234 736 1270 fundo
781 1236 956 1271 60—100
984 1234 1102 1282 pedes
1124 1234 1298 1269 demerso
1330 1234 1392 1269 vix
1423 1234 1668 1270 dubitandum
1699 1240 1768 1270 est.
1815 1234 1958 1270 Fructi-

322 1295 409 1329 ficat
435 1294 532 1342 apud
574 1308 643 1330 nos
686 1308 706 1330 a
747 1308 876 1330 mense
920 1294 1076 1331 Octobri
1110 1294 1146 1329 in
1183 1293 1343 1341 primum
1386 1307 1463 1329 ver.
1521 1293 1643 1330 Unum
1675 1306 1804 1329 eorum
1833 1293 1956 1341 speci-

322 1353 474 1398 minum,
505 1366 587 1400 quae
620 1356 712 1389 1841
745 1355 918 1402 legimus,
948 1361 1115 1389 veterem
1150 1353 1325 1389 laminam
1356 1366 1486 1389 mense
1513 1354 1615 1390 Julio
1644 1355 1681 1389 in
1712 1353 1818 1401 apice
1847 1366 1957 1389 novae

320 1413 508 1460 portabat,
538 1413 637 1449 uncle
666 1420 781 1461 patet,
811 1420 913 1449 recte
942 1413 1039 1461 apud
1070 1427 1139 1448 nos
1170 1413 1404 1461 recognitam
1435 1425 1522 1448 esse
1551 1412 1647 1447 hanc
1675 1412 1854 1460 plantam.

451 1514 488 1543 111
526 1515 605 1544 [nari
644 1515 801 1545 atlantico
838 1515 879 1545 ad
910 1515 1007 1545 litora
1044 1514 1161 1545 Gallize
1200 1518 1231 1544 et
1262 1514 1443 1545 Britanniae
1469 1514 1536 1544 haec
1562 1512 1676 1553 planta
1700 1513 1798 1553 longe
1822 1513 1959 1553 majoris

321 1569 370 1595 est
405 1569 550 1604 staturae,
589 1570 620 1595 ut
656 1566 839 1605 specimina
876 1575 894 1595 a
929 1566 966 1596 01,
994 1566 1043 1596 LE
1069 1566 1174 1596 JOLIS
1205 1565 1284 1596 data
1309 1575 1367 1595 nos
1394 1565 1603 1596 edocuerunt.
1652 1564 1730 1595 Haec
1757 1563 1877 1594 habent
1912 1564 1956 1594 la-

322 1616 427 1646 minas
462 1616 481 1650 2
518 1616 617 1655 pedes
653 1622 684 1647 et
714 1626 813 1656 supra
841 1616 968 1656 longas,
1004 1618 1023 1646 4
1061 1616 1160 1656 pedes
1202 1621 1233 1647 et
1264 1626 1362 1656 supra
1399 1616 1495 1655 latas,
1531 1615 1642 1646 omnia
1677 1625 1787 1646 mense
1823 1615 1955 1646 Octobri

321 1667 563 1698 fructificantia.
604 1667 640 1697 In
667 1668 747 1697 mari
774 1667 981 1708 Orkneyensi
1007 1667 1072 1698 11160
1098 1668 1224 1707 species
1250 1677 1389 1707 magnas
1414 1666 1558 1698 ostendit
1584 1667 1721 1706 formas3
1757 1670 1805 1697 est
1840 1675 1957 1706 nempe

321 1718 426 1748 trunci
463 1718 616 1749 circuitus
649 1718 717 1749 basi
748 1728 848 1758 usque
884 1718 925 1749 ad
962 1719 978 1748 7
1017 1718 1152 1758 pollices
1188 1718 1384 1760 lamingeque
1410 1717 1581 1757 longitudo
1608 1717 1691 1749 6—8
1718 1717 1825 1757 pedes.
1874 1717 1955 1748 Tam

321 1779 443 1809 magna
469 1769 649 1809 specimina
675 1774 823 1801 crescunt
848 1780 974 1810 quoque
1000 1769 1041 1800 ad
1065 1780 1152 1800 oram
1179 1770 1409 1809 Norvegicam.
1449 1768 1541 1805 Quod
1567 1769 1652 1799 enim
1678 1769 1764 1800 dicet
1777 1769 1956 1799 WAHLEN—

321 1827 418 1852 BERG
442 1821 473 1851 in
501 1821 599 1851 Flora
624 1821 826 1862 Lapponica,
856 1832 925 1853 011111
964 1821 1003 1852 (16
1039 1822 1232 1853 Lamiani-ia
1267 1822 1403 1861 (Ziffl'tata
1438 1820 1596 1860 loquitur:
1622 1820 1710 1860 »ejus
1746 1819 1871 1851 scilicet
1900 1820 1955 1850 sti-

321 1872 420 1912 pitem
455 1872 524 1903 basi
551 1872 800 1903 crassitudinem
831 1873 898 1903 sere
935 1872 1058 1903 brachii
1090 1872 1282 1912 attingere»,
1308 1876 1397 1903 certo
1422 1873 1542 1903 certius
1568 1872 1768 1912 Hafyyffl'am
1794 1870 1958 1902 Cloustom‘

284 1935 286 1937 ’
318 1927 469 1963 spectare
495 1923 638 1963 vidctur;
664 1933 733 1954 011111
760 1934 837 1954 vero
863 1923 952 1963 dicit,
978 1934 1049 1954 eam
1075 1924 1212 1963 gignere
1238 1923 1371 1954 frondes
1390 1923 1521 1954 homine
1540 1923 1639 1963 duplo
1664 1922 1805 1963 triplove
1830 1922 1954 1962 longio-

319 1984 381 2014 res,
403 1975 500 2005 aliam
527 1975 669 2015 speciem
696 1975 814 2015 prodit,
840 1976 1066 2007 Lamiam-iam
1084 1976 1285 2016 flexz'caulem
1311 1975 1355 2006 Le
1379 1975 1441 2006 Jol.
1470 1974 1518 2004 Ex
1544 1974 1728 2013 Berlevaag
1753 1972 1955 2004 Finmarkiae

320 2026 409 2057 misit
434 2026 512 2056 mihi
538 2026 575 2056 cl.
603 2026 750 2066 FOSLIE,
776 2027 874 2058 solita
898 2037 956 2058 sua
981 2027 1195 2066 humanitate,
1221 2036 1331 2057 mense
1356 2025 1514 2057 Februari
1539 2025 1656 2056 lectum
1682 2024 1848 2065 specimen
1871 2024 1954 2065 Haf-

315 2079 419 2117 [ωψσε
448 2077 628 2114 Clonstom',
664 2078 755 2118 cujus
779 2078 884 2109 trunci
910 2078 1062 2108 circuitus
1095 2078 1215 2108 basalis
1247 2077 1465 2117 7—pollicaris3
1502 2077 1626 2107 lamina
1646 2077 1716 2116 jam
1742 2076 1875 2107 multum
1902 2076 1955 2106 de-

318 2131 466 2159 creverat
490 2131 624 2168 totaque
649 2129 709 2159 erit
734 2138 918 2159 senescens.
1860 2142 1864 2146 ·

407 2206 487 2237 obs.
534 2206 726 2237 Laminaria
744 2208 936 2247 platymerz's
972 2207 1020 2237 De
1045 2207 1076 2237 la
1101 2207 1181 2247 Pyt,
1217 2207 1346 2237 Farlow
1371 2206 1496 2237 Mai-ine
1521 2206 1613 2245 Algae
1639 2205 1674 2236 of
1695 2206 1775 2236 New
1799 2204 1952 2245 England

535 2267 564 2296 p.
590 2257 641 2296 84,
666 2261 753 2288 certe
779 2257 820 2288 ad
846 2257 930 2288 hanc
954 2258 1095 2298 speciem
1122 2257 1272 2297 pertinet.
1321 2257 1403 2287 Nam
1430 2267 1499 2288 cum
1526 2257 1695 2298 Hafyyyz'a
1721 2256 1883 2288 Gloustom'
1906 2255 1949 2286 ad

534 2318 607 2339 oras
630 2308 950 2348 Norvegiaesscoffiae
976 2313 1007 2340 et
1032 2308 1186 2339 Islandiae
1211 2312 1346 2348 crescat,
1372 2318 1441 2338 eain
1469 2317 1596 2347 quoque
1621 2307 1662 2338 ad
1680 2317 1768 2338 oram
1793 2307 1954 2338 Americae

533 2359 800 2399 septentrionalis
830 2369 976 2391 crescere
1001 2371 1059 2400 par
1085 2366 1142 2397 est,
1180 2361 1230 2391 cui
1256 2360 1402 2400 opinioni
1432 2358 1679 2390 observationes
1704 2358 1762 2389 cel.
1790 2358 1953 2389 FARLOW

534 2420 596 2441 non
621 2420 805 2450 repugnare
830 2410 989 2441 videntur.
