2051 3001
382 204 425 237 16
941 195 975 231 J.
1006 194 1050 229 E.
1080 194 1327 239 ARESCHOUG7

706 412 792 466 ΠΙ.
850 409 1315 465 SACCORHIZA
1353 421 1403 460 De
1432 420 1470 460 la
1499 420 1580 472 Pyl.

694 520 711 534 a

480 589 613 624 Planta
635 588 787 636 juniore
807 585 1019 632 laminaque
1049 583 1211 631 simplici
1227 583 1333 618 radix
1350 583 1528 631 primaria.
1542 588 1747 630 generatur
1767 589 1803 618 et
1823 594 1955 617 saccus

326 649 500 685 radicalis
535 647 715 696 explicari
749 645 894 692 incipit7
930 644 1078 679 demum
1122 643 1200 678 sere
1243 642 1379 690 pedem
1423 642 1605 677 diametro
1649 654 1801 688 aequans
1844 647 1955 688 atque

326 707 712 751 carnoso-coriaceus,
743 717 870 749 cavus,
898 703 1078 739 interiore
1124 702 1266 750 pariete
1308 701 1426 746 laevis,
1456 707 1565 736 extus
1586 701 1753 736 verrucis
1782 700 1955 746 vestitus,

326 766 472 802 radices
515 779 534 801 e
576 770 683 813 parte
715 763 896 799 inferiore
926 762 1116 806 emittens,
1148 761 1282 808 quibus
1312 761 1442 808 planta
1467 765 1568 795 arcte
1597 760 1634 795 in
1654 759 1773 795 fundo
1793 764 1954 794 tenetur.

326 825 498 860 Truncus
541 837 560 859 e
603 836 714 859 sacco
756 822 909 858 radicali
953 820 1145 866 exoriens,
1187 820 1342 867 planus7
1385 818 1555 866 margine
1591 818 1738 854 inferne
1780 817 1954 865 utrinque

325 883 664 930 undulato-crispo.
707 881 865 916 Lamina
885 880 921 915 in
945 879 1115 921 infantia,
1139 884 1179 914 ut
1208 877 1307 926 apud
1324 877 1571 924 Laminarias‚
1601 877 1775 922 indivisa,
1804 876 1955 912 evoluta

326 948 449 978 autem
479 941 666 990 profunde
697 940 743 976 ad
771 940 880 975 basin
903 939 939 974 in
961 938 1115 974 lacinias
1145 938 1277 973 divisa.
1321 936 1535 985 Sporangia
1563 942 1600 972 et
1625 942 1867 985 paranemata
1887 948 1956 984 per
1992 960 1995 962 -

325 1002 590 1037 undulationes
618 1000 741 1036 trunci
763 1006 800 1035 et
828 999 968 1035 lacinas
998 998 1078 1033 folii
1111 1011 1255 1046 sparsa,
1280 1010 1390 1044 quam
1416 996 1515 1044 apud
1536 1002 1682 1032 ceteras
1700 995 1955 1031 Laminarieas

326 1061 546 1108 plerumque
568 1060 720 1106 majora.
743 1081 792 1085 —
827 1058 966 1094 Saccus
996 1058 1171 1093 radicalis
1201 1057 1285 1092 huic
1315 1056 1448 1104 generi
1477 1068 1709 1103 magnopere
1730 1054 1956 1091 characteri-

328 1119 462 1164 sticus;
492 1132 659 1154 verrucae
687 1130 806 1164 usque
837 1117 882 1152 ad
910 1120 930 1152 2
961 1117 1078 1152 lineas
1108 1116 1245 1163 longae,
1275 1121 1428 1161 teretes,
1452 1114 1557 1162 apice
1588 1115 1728 1150 cortice
1757 1119 1867 1150 tectae
1894 1114 1955 1149 vel

327 1178 448 1223 nudae,
479 1191 497 1212 e
527 1177 671 1213 cellulis
701 1176 906 1223 majoribus
938 1175 1219 1222 minoribusque
1249 1180 1490 1209 constructae.

675 1363 706 1396 1.
763 1361 1085 1397 SACCORHIZA
1115 1359 1342 1397 BULBOSA
1375 1360 1429 1395 De
1458 1360 1493 1395 la
1522 1359 1603 1407 Pyl.

481 1464 653 1499 Truncus
695 1463 843 1511 planus,
886 1462 1056 1509 margine
1092 1462 1239 1497 inferne
1274 1461 1448 1508 utrinque
1476 1460 1844 1508 undulato-crispus,
1872 1460 1955 1495 basi

326 1529 448 1559 tortus
479 1523 680 1571 (mmm),
710 1535 729 1558 e
760 1534 870 1557 sacco
900 1521 1054 1557 radicali
1083 1534 1175 1556 cavo
1205 1520 1397 1566 exoriens;
1427 1520 1566 1556 lamina
1594 1520 1631 1555 in
1652 1519 1778 1568 plures
1799 1518 1954 1554 lacinias

327 1581 619 1629 angustissimas
650 1580 838 1628 profunde
868 1579 1000 1615 divisa.

381 1667 452 1704 Syn.
499 1669 667 1695 *Saceorhica
693 1668 807 1695 bzzlbosa
834 1667 875 1694 De
901 1667 927 1694 la
952 1667 1014 1703 Pyt.
1044 1667 1083 1694 1⁴⁷1.
1109 1666 1188 1693 Terr.
1214 1675 1297 1692 neuv.
1322 1675 1349 1701 p.
1376 1665 1425 1696 23,
1456 1664 1482 1691 J.
1508 1664 1562 1699 Ag.
1588 1665 1670 1700 Spec.
1697 1663 1709 1690 I
1734 1673 1760 1700 p.
1789 1664 1857 1691 137.

499 1719 669 1746 Laminarz'cz
694 1719 808 1745 hnlbosa
834 1718 967 1745 Lamour.
993 1728 1026 1744 ex
1052 1721 1105 1750 Ag.
1131 1717 1213 1753 Sper.
1241 1716 1297 1751 alg.
1324 1715 1346 1742 I.

482 1793 523 1828 ln
553 1794 645 1829 mari
674 1794 852 1829 atlantico
883 1793 929 1828 ad
959 1805 1044 1827 oras
1065 1790 1281 1838 Norvegiae,
1298 1789 1513 1835 Britanniae,
1531 1789 1664 1825 Galliae
1685 1795 1722 1824 et
1741 1787 1952 1837 Hispaniae3

327 1851 365 1886 in
395 1852 672 1888 mediterraneo
703 1852 749 1887 ad
781 1865 866 1887 oras
896 1851 1033 1887 Siciliae
1062 1849 1121 1896 (C.
1150 1849 1191 1884 F.
1222 1848 1390 1895 NYMAN).

456 1944 684 1975 Evolutionem
712 1945 833 1985 plantae
858 1948 889 1975 et
914 1943 998 1974 sacci
1017 1941 1173 1973 radicalis
1198 1941 1256 1971 cel.
1282 1941 1310 1972 J.
1329 1941 1486 1971 AGARDH
1511 1940 1530 1970 l.
1549 1950 1574 1971 e.
1593 1944 1658 1970 tam
1683 1938 1770 1969 clare
1793 1942 1825 1968 et
1842 1941 1956 1968 ornate

329 1996 491 2036 exposuit,
509 2000 542 2027 ut
566 1997 636 2036 ejus
662 1996 778 2027 afferre
802 1996 902 2026 verba
927 1995 1021 2025 nobis
1039 2003 1226 2024 concessum
1245 1991 1496 2030 crediderimus3
1523 1990 1685 2021 dieitklc.
1702 1999 1731 2029 p.
1749 1989 1824 2019 137:
1850 1988 1957 2018 »frons

328 2050 362 2076 ut
398 2046 508 2077 folium
547 2047 704 2087 simplex,
739 2047 853 2087 stipite
888 2046 977 2077 brevi
1009 2045 1172 2076 suffultum
1210 2044 1385 2083 radiceque
1420 2042 1539 2073 fibrosa
1568 2040 1798 2081 pauciradiata
1823 2039 1955 2080 rupibus

329 2096 484 2127 adnatum
522 2097 703 2128 inchoatur.
750 2098 842 2128 Infra
877 2097 1038 2136 originem
1073 2095 1204 2125 laminae
1233 2094 1425 2125 observatur
1460 2092 1494 2123 in
1529 2092 1642 2132 stipite
1666 2092 1754 2122 linea
1778 2090 1956 2130 circularis,

330 2158 403 2178 mox
429 2148 567 2180 elevata.
615 2149 822 2190 Expanditur
848 2148 954 2188 magis
979 2147 1149 2187 magisque
1173 2146 1205 2177 in
1233 2145 1389 2176 laminam
1415 2143 1691 2183 scutellisormem,
1715 2152 1783 2182 quae
1809 2141 1957 2181 margine

332 2199 481 2230 deorsum
518 2200 673 2230 tendente
707 2200 826 2230 sensim
867 2198 1120 2239 hemisphaerica
1149 2201 1181 2227 et
1211 2195 1455 2236 campanulata,
1480 2194 1591 2225 subtus
1618 2204 1711 2233 cava,
1736 2193 1863 2223 demum
1888 2192 1956 2222 fere

330 2249 491 2289 sphaerica
526 2250 645 2281 evadit.
694 2251 808 2290 Margo
833 2259 929 2290 rupes
954 2253 1104 2288 tangens,
1130 2248 1161 2278 in
1188 2256 1360 2287 processus
1391 2245 1617 2276 radieiformes
1642 2244 1867 2284 prolongatur,
1892 2242 1957 2282 qui,

329 2300 496 2332 functione
531 2301 652 2332 radicis
687 2305 849 2340 suscepta,
885 2300 1027 2330 radicem
1065 2298 1230 2339 propriam
1262 2297 1393 2327 omnino
1418 2295 1613 2336 superfluam
1639 2295 1789 2334 reddunt,
1814 2293 1956 2333 undique

330 2350 457 2381 demum
483 2351 708 2390 pullulantes».
756 2352 873 2382 Planta
901 2352 986 2381 inter
1012 2350 1172 2380 maximas
1196 2349 1289 2388 algas
1314 2348 1455 2387 evoluta,
1480 2351 1612 2377 truncus
1637 2347 1764 2386 planus,
1790 2355 1888 2385 usque
1913 2345 1956 2376 ad

328 2401 413 2431 4—5
439 2402 538 2441 pedes
563 2403 689 2443 longus,
715 2404 733 2433 3
759 2403 894 2443 pollices
920 2403 1004 2433 latus
1029 2406 1060 2432 et
1085 2402 1158 2441 ipsa
1183 2401 1306 2431 lamina
1329 2398 1491 2430 interdum
1520 2406 1621 2436 usque
1640 2396 1681 2428 ad
1711 2397 1730 2427 6
1759 2396 1858 2437 pedes
1889 2397 1957 2427 lon-

330 2451 479 2489 gitudine
504 2462 654 2493 aequans3
687 2455 799 2493 junior
835 2454 994 2489 olivacea,
1031 2452 1174 2483 adultior
1198 2456 1228 2482 et
1254 2456 1408 2482 autumno
1433 2459 1544 2480 mense
1569 2448 1765 2489 Septembri,
1790 2457 1853 2488 quo
1878 2453 1956 2479 tem-

332 2511 410 2541 pore
435 2503 621 2535 abolescere
646 2505 778 2545 incipet,
803 2506 900 2536 valde
924 2506 1084 2543 coriacea,
1109 2503 1229 2534 coloris
1253 2503 1335 2533 fusci
1359 2502 1411 2532 vel
1436 2501 1503 2531 fere
1521 2499 1738 2539 nigrescentis
1751 2499 1958 2539 (Laminaria

334 2552 470 2583 Turneri
493 2553 580 2594 Bory
605 2555 781 2586 secundum
809 2557 1002 2596 Despreaux
1027 2555 1121 2585 Essai
1148 2564 1202 2585 sur
1225 2554 1272 2585 les
1297 2552 1504 2584 Laminaires
1529 2561 1603 2591 pag.
1629 2551 1693 2596 59).
