2051 3001
371 213 418 247 20
943 208 979 244 J.
1006 208 1050 243 E.
1078 207 1327 254 AREsOHoue,

320 325 387 348 sev
416 311 718 356 canaliculatum3
753 310 791 345 in
820 310 937 346 altero
966 309 1084 345 latere
1112 308 1261 344 laminae
1289 313 1367 344 tres
1409 308 1654 344 inveniuntur
1681 308 1790 356 plicae
1819 314 1954 345 costae-

318 372 474 417 formes,
502 371 540 406 in
576 371 694 406 altero
737 369 820 405 duae
854 369 963 418 plicae
1005 368 1272 404 canaliculatae.
1324 368 1367 403 In
1396 366 1582 403 adultiore
1610 366 1692 403 folii
1720 367 1859 403 lamina
1887 367 1953 403 ob-

318 436 517 466 servantur
557 429 656 465 inter
696 428 815 477 plicas
850 427 1036 463 foramina
1076 426 1277 462 rot-undata
1319 432 1357 462 et
1399 426 1437 462 in
1478 426 1562 474 ipsa
1604 426 1822 462 membrana
1849 440 1954 474 rugae

317 489 514 537 bullasque.
570 488 731 523 Fructus
760 487 870 523 nobis
901 486 1068 534 ignotus.

446 573 552 614 Supra
577 573 811 613 descripsimus
841 571 1009 602 reticulum
1035 570 1242 611 superficiale
1273 571 1473 601 Laminarloe
1497 570 1703 610 sacellarium,
1729 570 1815 610 quod
1839 571 1954 602 reticu-

315 625 391 668 lum,
409 629 453 665 ut,
471 625 503 655 in
530 624 680 657 Cosmi-ia
703 628 735 655 et
765 623 971 664 Cgymathaere,
989 622 1148 653 formatur
1172 631 1188 652 e
1215 621 1319 662 plicis,
1345 621 1403 652 sed
1428 621 1526 661 longe
1551 620 1617 651 alio
1643 624 1675 651 et
1699 620 1829 652 diverso
1847 620 1953 652 modo.

315 677 352 707 In
391 676 541 707 Cos-baria
564 675 651 707 enim
677 679 709 706 et
740 675 937 716 Cymathcerc
962 673 1100 713 plicatur
1124 672 1411 712 longitudinaliter
1436 682 1493 712 per
1517 675 1620 703 totam
1647 681 1738 702 suam
1764 671 1951 703 crassitudi-

315 736 387 758 nem
412 726 549 767 lamina3
574 727 607 757 in
631 727 827 758 Lamiam-ia
850 725 1040 757 saeclzarzssna
1065 734 1128 755 non
1154 728 1224 755 tota
1248 724 1399 764 plicatur,
1424 723 1482 754 sed
1507 723 1601 763 plicae
1626 733 1666 754 ex
1690 726 1826 763 utroque
1850 722 1953 754 latere

315 777 386 808 folii
414 778 604 818 formantur,
630 777 773 808 medulla
797 777 924 808 intacta
948 776 1071 808 relicta.

445 828 697 859 Memoravimus
728 838 855 868 quoque
883 838 982 868 supra
1013 828 1170 867 quasdam
1205 827 1237 857 in
1270 827 1464 858 Lamiam-ia
1487 827 1678 858 sacclzarz‘na
1702 825 1822 857 boreali
1845 825 1952 856 obser-

315 884 409 911 vatas
446 880 549 920 plicas
585 889 725 919 rugasve
756 880 860 920 ipsius
891 879 1098 915 membr-anre,
1131 888 1213 918 quae,
1244 887 1439 918 quamquam
1467 877 1523 907 vix
1550 877 1714 908 normales
1741 876 1853 907 haberi
1879 886 1952 917 pos-

315 932 390 972 sint,
417 931 518 962 multa
542 935 651 961 tamen
677 941 747 962 cum
773 930 896 970 formis,
921 929 962 960 de
987 929 1102 969 quibus
1128 929 1279 969 diximus,
1305 928 1491 959 communia
1516 928 1636 959 habere
1660 928 1823 959 videntur.
1862 926 1951 958 Ulte-

313 984 380 1015 rius
405 983 608 1023 inquirendae
633 986 716 1013 sunt.

442 1035 478 1064 In
506 1037 616 1065 nostro
643 1033 798 1065 Costariae
823 1034 1013 1074 specimine,
1049 1033 1135 1073 quod
1166 1043 1204 1063 ex
1230 1032 1311 1064 Mus.
1337 1032 1426 1062 Kew.
1448 1031 1645 1071 accepimus,
1681 1030 1775 1061 adest
1799 1030 1831 1060 in
1857 1029 1951 1070 apice

314 1087 440 1118 laciniae
465 1086 695 1126 fragmentum,
720 1086 805 1125 quod
831 1085 1007 1125 vestigium
1033 1085 1153 1116 veteris
1179 1084 1309 1115 laminae
1346 1083 1442 1114 facile
1471 1083 1591 1113 habere
1609 1091 1732 1122 posses.
1776 1080 1950 1121 Specimen

312 1137 430 1168 lectum
466 1141 514 1168 est
551 1147 660 1168 mense
696 1137 824 1177 Martio,
860 1146 923 1176 quo
959 1141 1106 1177 tempore
1141 1139 1269 1166 veteres
1294 1134 1578 1165 Laminariearum
1604 1133 1735 1164 laminae
1760 1132 1952 1173 plerumque

314 1189 523 1229 abjiciuntur.

762 1286 792 1319 1.
841 1282 1093 1320 COSTARiA
1123 1280 1351 1317 TURNERI
1386 1280 1501 1316 Grev.

412 1369 510 1404 Folii
540 1369 679 1404 lamina
708 1369 879 1416 margine
912 1369 1074 1416 integra,
1104 1368 1327 1413 lanceola-ta,
1362 1365 1719 1411 ovato-lanceolata,
1750 1368 1862 1400 ovata
1889 1363 1950 1399 vel

312 1428 614 1472 cordato-ovata,
644 1441 878 1476 magnopere
905 1428 1057 1463 evoluta
1076 1426 1314 1474 longitudine
1348 1428 1495 1462 10-12
1525 1424 1678 1473 pedum,
1695 1422 1950 1459 multiformis.

365 1513 435 1552 Syn.
483 1515 578 1542 Famis
603 1520 722 1543 costatus
748 1515 834 1542 Turn.
861 1515 939 1542 Hist.
965 1515 1023 1542 tab.
1051 1515 1121 1542 226.

484 1567 613 1593 Castam
640 1567 761 1594 szzrsri
785 1566 868 1594 Grev.
896 1567 962 1603 Syn.
989 1566 1017 1593 in
1043 1567 1108 1601 Alg,
1135 1566 1210 1594 Brit.
1223 1575 1250 1603 p.
1266 1564 1405 1598 XXXIX;
1432 1564 1519 1592 HarV.
1545 1564 1614 1592 Ner.
1640 1563 1700 1591 bor.
1726 1564 1789 1590 Am.
1814 1563 1827 1590 Ι
1851 1573 1878 1600 p.
1897 1563 1947 1591 89.

570 1634 608 1637 ——
640 1618 707 1644 Not.
735 1618 853 1654 ofA1g.
879 1618 911 1645 of
933 1618 1079 1645 Vaneouv.
1105 1615 1205 1645 Island
1231 1617 1266 1653 by
1292 1617 1335 1644 W.
1362 1616 1397 1643 H.
1424 1616 1538 1652 Harvey
1562 1625 1590 1652 p.
1618 1615 1688 1642 166.

464 1692 522 1727 Ad
553 1705 656 1727 oram
687 1692 959 1728 occidentalem
990 1692 1186 1739 American,
1217 1691 1428 1740 praesertim
1459 1691 1505 1727 ad
1534 1690 1782 1727 Vancouvers
1804 1689 1947 1726 Island.

692 1927 799 1980 VII.
868 1925 1381 1993 OYMATHAERE
1423 1938 1453 1979 J.
1482 1940 1556 1992 Ag.

447 2103 567 2140 Radix
588 2103 831 2149 disciformis,
850 2103 1002 2149 minuta,
1020 2103 1082 2138 vix
1105 2103 1189 2150 plus
1213 2115 1322 2150 quam
1342 2104 1387 2137 10
1403 2116 1489 2138 mm.
1508 2101 1795 2138 diamnnetiens
1825 2101 1946 2138 Trun-

307 2178 372 2201 cus
402 2163 703 2211 semipollicaris,
726 2163 843 2198 rarius
874 2162 1077 2210 pollicaris7
1095 2162 1131 2197 in
1162 2162 1332 2197 sectione
1361 2161 1609 2197 transversali
1638 2160 1767 2196 orbem
1794 2160 1945 2196 lacuna-

305 2238 387 2260 rum
416 2222 680 2258 muciferarum
710 2227 747 2257 et
768 2221 1010 2264 sinuatarnm,
1033 2220 1232 2256 medullam
1249 2220 1518 2266 includen‘cem⁷
1536 2219 1755 2255 ostendens.
1796 2218 1943 2255 Folium

306 2282 521 2328 indivisum7
544 2281 883 2329 subpapyraeeum,
910 2285 1034 2327 tenue,
1050 2292 1169 2327 usque
1199 2279 1244 2315 ad
1270 2282 1284 2314 1
1310 2284 1469 2314 metrum
1487 2284 1524 2314 et
1541 2292 1642 2327 saepe
1658 2278 1775 2313 multo
1791 2277 1943 2325 longius

308 2348 345 2378 et
376 2343 419 2377 16
450 2354 519 2376 cm.
547 2339 675 2375 latum.
735 2339 847 2374 Plicae
888 2339 1064 2386 quinque,
1093 2338 1173 2374 fere
1204 2338 1403 2386 parallelae,
1425 2338 1587 2374 mediam
1616 2337 1793 2373 laminam
1822 2349 1843 2372 a
1861 2336 1943 2372 basi

307 2401 387 2436 fore
415 2400 452 2435 in
491 2398 635 2446 apicem
666 2403 932 2445 percurrentes
967 2404 1004 2433 et
1033 2397 1189 2433 fasciam
1211 2397 1420 2432 formantes
1442 2396 1587 2433 fuscam
1616 2395 1943 2444 longitudinalem,

308 2472 381 2507 quo
403 2458 528 2494 differt
556 2470 677 2504 genus
699 2456 744 2491 ab
762 2456 937 2493 Costarz'a.
968 2456 1080 2492 Plicae
1108 2456 1240 2491 formae
1270 2456 1439 2502 ejusdem
1471 2469 1512 2492 ac
1541 2456 1579 2491 in
1597 2455 1771 2498 Costarz'a,
1788 2467 1943 2502 quarum

306 2519 344 2554 in
374 2518 490 2553 altero
519 2516 636 2551 latere
665 2515 746 2550 folii
774 2528 841 2550 sev
873 2515 1021 2551 laminae
1055 2515 1143 2550 inde
1186 2515 1384 2562 triplicata}
1421 2515 1672 2550 observantur
1703 2518 1781 2549 tres
1815 2512 1943 2548 tereti—

309 2574 581 2619 costaeformes,
598 2573 907 2620 longitudinaleS,
927 2574 965 2609 in
987 2574 1105 2609 altero
1133 2574 1250 2610 latere
1272 2574 1353 2609 dnae
1380 2574 1652 2610 canaliculatae.
1695 2571 1944 2607 Paranemata
