2051 3001
1665 108 1692 125 ‘r

591 204 899 239 Olzsnnmrlcmies
930 205 1221 241 Pnrconociclic.
1650 208 1670 241 (ζ)

151 306 223 342 Syn.
269 306 410 333 Lessanm
445 307 603 341 πῖθι-8366123
639 305 715 342 Βοι·)’
753 306 781 333 iu
814 306 890 343 Dup.
923 306 994 342 Yoy.
1020 308 1085 334 Bot.
1123 308 1222 344 Crypt.
1254 317 1279 344 p.
1306 308 1323 334 8
1349 307 1406 334 tab.
1434 308 1460 339 5,
1487 308 1564 337 l'osl,
1591 312 1616 335 ct
1645 309 1731 345 liupr.

362 356 472 384 illustr.
498 356 564 391 Alg.
598 365 625 392 p.
659 356 752 389 2—4‚
783 357 842 385 tab.
866 358 884 384 4
910 361 937 384 et
962 358 1000 383 :32³
1027 357 1045 385 s.
1073 359 1107 384 11
1133 362 1158 384 et
1187 360 1234 387 13,
1262 358 1355 384 Hook.
1383 358 1418 384 til.
1446 358 1584 394 s'ryptofs.
1610 362 1730 386 nutaret.

366 417 393 444 p.
421 407 479 434 152
505 406 564 433 tab.
594 407 651 433 167
678 413 706 433 et
734 408 804 439 163,
829 407 855 435 ιῘ,
883 408 937 443 Ag.
963 408 1010 444 Sp.
1040 409 1053 434 1
1081 418 1108 444 p.
1138 409 1206 435 151.

253 497 312 532 Ad
341 496 512 532 Hermite
538 496 666 532 Island
696 497 864 544 aliasque
894 497 1037 532 insulas
1060 511 1180 545 prope
1210 499 1291 545 Cap
1321 498 1427 534 Horn
1458 499 1665 546 abundans,
1696 507 1733 535 et

99 557 137 591 in
170 556 263 591 mari
294 556 451 603 pacifico
481 554 526 590 ad
557 568 660 590 orani
689 556 910 591 chilensem.

250 655 352 692 Quum
390 659 534 686 nostrum
562 655 727 694 specimen
755 665 818 685 non
844 655 906 685 rite
936 655 1100 686 evolutum
1132 655 1184 694 sit,
1216 664 1319 695 neque
1344 666 1427 686 nova
1454 656 1533 687 folia
1557 657 1734 696 explicata,

101 717 159 738 nec
182 706 391 737 fructificatio
418 706 449 736 in
476 706 642 736 veteribus
667 705 755 736 foliis
781 706 933 744 formata,
958 705 1098 736 lectores
1126 710 1260 745 rogatos
1285 706 1443 746 volumus,
1466 711 1499 737 ut
1517 712 1666 738 auctores
1691 708 1734 738 ei-

99 762 188 789 tatos
217 757 403 788 consulant.

251 808 376 839 Adesse
412 808 445 838 in
481 807 542 838 hac
577 808 738 839 Lessoazia
773 812 883 838 verani
911 807 1157 837 defoliationeni
1191 817 1367 846 veramque
1398 807 1612 847 foliationem,
1644 808 1734 838 utin

102 859 375 898 Laminariaceis,
410 859 482 898 quis
518 861 578 897 est,
615 858 668 897 qui
694 858 846 889 dubitare
872 857 1000 898 possit?
1047 858 1173 888 Folium
1200 858 1359 898 praeteriti
1385 858 1462 887 anni
1487 858 1519 888 in
1545 858 1638 898 apice
1663 859 1734 889 folii

101 910 178 941 novi
215 910 292 940 anni
320 914 369 940 est
400 909 498 948 idem,
524 909 610 948 quod
636 913 728 939 vetus
753 908 877 938 lamina
902 908 935 938 in
960 908 1054 948 apice
1079 918 1171 938 novae
1196 908 1327 938 lamina}
1352 909 1542 954 (Hafyyqice
1572 909 1735 941 Cloustom'

99 971 150 992 ex.
177 962 250 1000 gr).
297 960 412 990 Restat
443 964 550 990 autem
582 959 809 990 demonstrare
839 959 925 989 idem
958 959 1196 999 phaenomenon
1222 963 1253 988 et
1278 958 1309 988 in
1336 963 1491 998 sequente
1517 958 1626 998 specie
1650 959 1734 990 exsi-

101 1015 199 1051 stere,
222 1010 307 1050 quod
333 1019 408 1040 mox
432 1010 702 1049 periclitabimur.

253 1062 410 1092 Lessom'a
435 1061 546 1092 Sedm'i
568 1061 597 1092 J.
623 1062 685 1100 Ag.
711 1060 805 1100 Spec.
835 1062 846 1090 1
879 1071 907 1101 p.
936 1061 1006 1100 150,
1029 1070 1124 1099 quam
1151 1070 1237 1100 saepe
1255 1070 1294 1090 ex
1313 1070 1369 1090 ora
1387 1059 1523 1090 chilensi
1539 1060 1735 1100 accepimus,

102 1113 267 1144 Lessom'oe
291 1113 481 1151 niyreseentz?
504 1111 602 1142 valde
629 1116 678 1142 est
703 1111 823 1151 affinis,
849 1116 882 1142 ut
907 1111 1048 1151 speciem
1076 1112 1174 1142 certis
1199 1110 1443 1141 characteribus
1468 1110 1735 1141 circumscribere

103 1163 247 1194 nondun]
286 1162 459 1193 valuimus.
508 1162 636 1192 Formae
671 1162 836 1193 Lessonice
860 1163 1068 1201 unffi-escentz's
1092 1166 1166 1192 sunt
1191 1162 1380 1197 innumerae,
1406 1170 1505 1200 quare
1529 1161 1638 1191 multae
1663 1171 1734 1201 spe-

102 1213 171 1244 cies
196 1213 371 1253 descriptae
397 1217 480 1244 sunt.

501 1342 534 1375 2.
589 1340 842 1377 LESSONIA
870 1339 1200 1377 FUSCESOENS
1230 1340 1343 1387 Bory.

260 1456 432 1492 Truncus
474 1457 621 1493 inferne
664 1470 909 1505 compressus
953 1464 990 1493 et
1030 1459 1090 1494 hic
1133 1470 1234 1506 saepe
1271 1456 1427 1493 femoris
1454 1457 1607 1492 humani
1636 1470 1737 1492 cras-

107 1515 219 1561 sitiei,
262 1517 360 1551 2-3
403 1521 521 1551 metra
554 1516 705 1564 longus,
741 1517 848 1564 apice
890 1517 1030 1565 pluries
1073 1516 1340 1552 dichotomiter
1368 1528 1553 1562 ramosus,
1582 1515 1749 1559 ramulis¹

107 1573 302 1622 pendulis3
340 1574 488 1610 radices
516 1588 535 1610 e
576 1575 659 1611 basi
705 1581 887 1611 exeuntes
922 1575 1168 1622 brevissimae⁷
1199 1589 1349 1617 crassae,
1378 1587 1538 1610 ramosae
1567 1580 1604 1609 et·
1631 1573 1738 1609 fasti-

104 1633 232 1680 giatae,
275 1633 433 1680 scopulo
463 1634 675 1670 arctissime
705 1634 943 1670 adhaerentes
973 1640 1010 1670 et
1034 1640 1206 1670 truncum
1236 1634 1462 1681 dirigentes3
1501 1633 1539 1668 in
1567 1632 1736 1668 sectione

105 1691 226 1727 basali
254 1692 501 1727 transversali
530 1693 694 1729 medulla
723 1693 901 1741 oblonga,
931 1706 1004 1741 quo
1034 1694 1145 1729 altius
1174 1694 1212 1728 in
1240 1699 1374 1728 trunco
1402 1705 1445 1728 eo
1466 1692 1616 1728 tenuior
1636 1698 1673 1728 et
1693 1705 1737 1727 eo

107 1750 236 1798 plures
279 1750 439 1786 annulos
470 1752 690 1788 ostendens.
758 1751 866 1787 Folia
895 1754 942 1788 50
970 1765 1039 1788 cm.
1068 1753 1128 1787 vel
1147 1752 1246 1787 ultra
1272 1752 1389 1799 longa.
1421 1756 1458 1786 et
1491 1754 1510 1787 5
1545 1764 1614 1786 cm.
1648 1751 1736 1794 lata,

108 1808 248 1844 coloris
292 1809 465 1854 laetioris,
513 1810 613 1846 sicca
654 1810 735 1846 fere
777 1811 994 1855 chartacea,
1041 1811 1194 1846 linearia
1236 1810 1456 1858 apicemque
1498 1822 1631 1845 versus
1674 1823 1736 1845 an-

107 1868 294 1916 gustiora,
324 1868 508 1916 margine,
542 1875 583 1905 ut
611 1870 724 1905 etiam
753 1870 973 1905 fissurarum
1002 1869 1249 1917 marginibus,
1286 1867 1462 1904 dentibus
1491 1867 1626 1903 validis
1656 1869 1738 1914 (de-

110 1927 225 1974 nique
254 1926 339 1974 plus
370 1927 493 1963 minus
523 1928 695 1964 evanidis
724 1928 785 1964 vel
815 1928 1018 1976 obsoletis>
1048 1933 1200 1963 armata.

164 2027 234 2065 syn.
280 2029 420 2058 Lemonia
448 2031 608 2066 fusce-scens
637 2031 713 2068 Bory
749 2031 779 2059 in
805 2032 881 2068 Dup.
908 2031 978 2067 Voy.
1004 2031 1022 2058 l.
1049 2041 1072 2058 c.
1097 2040 1125 2067 p.
1151 2030 1190 2058 75
1215 2030 1273 2057 tab.
1300 2030 1316 2056 2
1342 2032 1370 2055 et
1394 2029 1421 2061 3,
1458 2028 1552 2055 Hook.
1577 2029 1614 2056 fil.
1640 2028 1739 2065 Crypt.

372 2086 492 2109 antarct.
517 2091 545 2118 p.
573 2082 630 2109 151
656 2083 714 2110 tab.
742 2083 812 2115 167,
839 2083 899 2110 168
924 2083 947 2109 A
973 2086 1000 2109 et
1026 2083 1084 2109 171
1110 2081 1146 2114 Ι),
1171 2081 1196 2108 J.
1223 2082 1276 2116 Ag.
1302 2080 1385 2116 Spec.
1413 2081 1438 2106 1.
1463 2089 1490 2116 p.
1520 2079 1589 2107 151.

264 2172 304 2206 In
351 2184 494 2207 oceano
539 2173 696 2220 pacifico
732 2173 779 2208 ad
814 2185 917 2209 oram
952 2172 1171 2213 chilensem,
1205 2170 1243 2205 in
1278 2169 1371 2205 mari
1400 2169 1555 2205 australi
1583 2169 1629 2205 ad
1659 2170 1740 2218 Cap

112 2230 232 2273 Horn,
274 2230 417 2266 insulas
459 2230 645 2267 Maluinas
681 2237 718 2267 et
750 2237 889 2267 terrain
923 2230 1153 2278 Kerguelen.
1208 2229 1342 2264 Planta
1381 2227 1462 2263 fere
1491 2227 1740 2264 arborescens

110 2289 250 2324 format
292 2288 406 2324 silvas
449 2289 698 2333 submarinas,
741 2302 896 2337 quarum
932 2289 1024 2325 folia
1053 2289 1121 2324 sub
1150 2287 1263 2323 maris
1292 2299 1447 2323 recessu
1475 2287 1512 2322 in
1542 2287 1750 2335 superficie

112 2348 226 2383 maris
263 2352 396 2383 natant
425 2354 462 2383 et
491 2348 697 2384 accedente
726 2348 818 2384 mari
848 2348 972 2384 denuo
1000 2353 1192 2395 teguntur.

261 2439 375 2479 Neque
423 2439 518 2480 hujus
565 2451 624 2472 nec
666 2441 885 2481 praecedentis
920 2440 1131 2471 fructificatio
1167 2439 1262 2470 adest
1309 2438 1341 2468 in
1387 2439 1509 2470 nostris
1555 2438 1741 2478 specimini-

113 2490 182 2530 bus,
219 2499 319 2530 quare
354 2491 455 2522 verba
489 2492 547 2522 cel.
585 2492 757 2523 HOOKERI
792 2491 825 2522 in
856 2491 955 2522 Flora
987 2494 1125 2521 antarct.
1158 2500 1187 2530 p.
1222 2490 1279 2520 151
1318 2489 1487 2520 afferenda
1516 2493 1606 2520 sunt:
1654 2489 1742 2520 »The

212 2569 290 2591 Nova
310 2571 379 2592 Acta
398 2570 462 2600 Reg.
484 2570 542 2594 Soc.
564 2572 605 2594 Se.
625 2571 692 2601 Ups.
715 2571 772 2594 Ser.
793 2570 842 2593 111.
1629 2571 1642 2593 2
