<?xml version="1.0" encoding="UTF-8"?>
<!DOCTYPE html PUBLIC "-//W3C//DTD XHTML 1.0 Transitional//EN"
    "http://www.w3.org/TR/xhtml1/DTD/xhtml1-transitional.dtd">
<html xmlns="http://www.w3.org/1999/xhtml" xml:lang="en" lang="en">
 <head>
  <title>
</title>
<meta http-equiv="Content-Type" content="text/html;charset=utf-8" />
  <meta name='ocr-system' content='tesseract 3.04.00' />
  <meta name='ocr-capabilities' content='ocr_page ocr_carea ocr_par ocr_line ocrx_word'/>
</head>
<body>
  <div class='ocr_page' id='page_1' title='image "./novaactaregiaeso312kung_0351.png"; bbox 0 0 2051 3001; ppageno 0'>
   <div class='ocr_carea' id='block_1_1' title="bbox 584 179 1666 222">
    <p class='ocr_par' dir='ltr' id='par_1_1' title="bbox 584 179 1666 222">
     <span class='ocr_line' id='line_1_1' title="bbox 584 179 1666 222; baseline 0.003 -8"><span class='ocrx_word' id='word_1_1' title='bbox 584 179 893 215; x_wconf 72' lang='lat' dir='ltr'>OBSERVATIONES</span> <span class='ocrx_word' id='word_1_2' title='bbox 923 180 1217 216; x_wconf 63' lang='lat' dir='ltr'>Pmoomfflcffl.</span> <span class='ocrx_word' id='word_1_3' title='bbox 1650 190 1666 222; x_wconf 82' lang='lat'>7</span> 
     </span>
    </p>
   </div>
   <div class='ocr_carea' id='block_1_2' title="bbox 90 280 1720 447">
    <p class='ocr_par' dir='ltr' id='par_1_2' title="bbox 90 280 1720 447">
     <span class='ocr_line' id='line_1_2' title="bbox 242 280 1720 333; baseline 0.005 -17"><span class='ocrx_word' id='word_1_4' title='bbox 242 281 469 329; x_wconf 75' lang='lat' dir='ltr'>Accepimus</span> <span class='ocrx_word' id='word_1_5' title='bbox 500 280 679 328; x_wconf 78' lang='lat' dir='ltr'>plantam,</span> <span class='ocrx_word' id='word_1_6' title='bbox 710 281 862 316; x_wconf 87' lang='lat' dir='ltr'>nomine</span> <span class='ocrx_word' id='word_1_7' title='bbox 878 282 1096 317; x_wconf 58' lang='lat' dir='ltr'>Lanam-cria</span> <span class='ocrx_word' id='word_1_8' title='bbox 1112 283 1286 319; x_wconf 59' lang='lat' dir='ltr'>Sinclaessrc&#39;</span> <span class='ocrx_word' id='word_1_9' title='bbox 1313 285 1519 333; x_wconf 83' lang='lat' dir='ltr'>adscripto,</span> <span class='ocrx_word' id='word_1_10' title='bbox 1541 300 1586 322; x_wconf 80' lang='lat' dir='ltr'>ex</span> <span class='ocrx_word' id='word_1_11' title='bbox 1604 287 1720 324; x_wconf 73' lang='lat' dir='ltr'>Santa</span> 
     </span>
     <span class='ocr_line' id='line_1_3' title="bbox 90 339 1719 394; baseline 0.004 -19"><span class='ocrx_word' id='word_1_12' title='bbox 90 340 187 376; x_wconf 82' lang='lat' dir='ltr'>Oruz</span> <span class='ocrx_word' id='word_1_13' title='bbox 216 340 254 375; x_wconf 88' lang='lat' dir='ltr'>in</span> <span class='ocrx_word' id='word_1_14' title='bbox 284 340 502 381; x_wconf 78' lang='lat' dir='ltr'>California,</span> <span class='ocrx_word' id='word_1_15' title='bbox 526 352 546 374; x_wconf 85' lang='lat' dir='ltr'>a</span> <span class='ocrx_word' id='word_1_16' title='bbox 567 339 732 374; x_wconf 82' lang='lat' dir='ltr'>Doctore</span> <span class='ocrx_word' id='word_1_17' title='bbox 754 339 1093 384; x_wconf 13' lang='lat' dir='ltr'>C.VL.AN1JF,RsoN;</span> <span class='ocrx_word' id='word_1_18' title='bbox 1124 342 1253 377; x_wconf 81' lang='lat' dir='ltr'>nescio</span> <span class='ocrx_word' id='word_1_19' title='bbox 1288 349 1424 389; x_wconf 73' lang='lat' dir='ltr'>autem,</span> <span class='ocrx_word' id='word_1_20' title='bbox 1446 358 1518 392; x_wconf 78' lang='lat' dir='ltr'>quo</span> <span class='ocrx_word' id='word_1_21' title='bbox 1549 352 1719 394; x_wconf 72' lang='lat' dir='ltr'>tempore</span> 
     </span>
     <span class='ocr_line' id='line_1_4' title="bbox 90 398 611 447; baseline -0.002 -13"><span class='ocrx_word' id='word_1_22' title='bbox 90 405 127 434; x_wconf 85' lang='lat' dir='ltr'>et</span> <span class='ocrx_word' id='word_1_23' title='bbox 154 399 237 434; x_wconf 79' lang='lat' dir='ltr'>loco</span> <span class='ocrx_word' id='word_1_24' title='bbox 267 399 458 447; x_wconf 82' lang='lat' dir='ltr'>descripta</span> <span class='ocrx_word' id='word_1_25' title='bbox 487 398 611 433; x_wconf 83' lang='lat' dir='ltr'>fuerit.</span> 
     </span>
    </p>
   </div>
   <div class='ocr_carea' id='block_1_3' title="bbox 89 481 1723 1137">
    <p class='ocr_par' dir='ltr' id='par_1_3' title="bbox 89 481 1722 678">
     <span class='ocr_line' id='line_1_5' title="bbox 232 481 1719 523; baseline 0.005 -10"><span class='ocrx_word' id='word_1_26' title='bbox 232 485 311 515; x_wconf 82' lang='lat' dir='ltr'>Pars</span> <span class='ocrx_word' id='word_1_27' title='bbox 337 483 468 523; x_wconf 67' lang='lat' dir='ltr'>plantae,</span> <span class='ocrx_word' id='word_1_28' title='bbox 493 491 557 521; x_wconf 88' lang='lat' dir='ltr'>qua</span> <span class='ocrx_word' id='word_1_29' title='bbox 586 481 735 512; x_wconf 80' lang='lat' dir='ltr'>radicata</span> <span class='ocrx_word' id='word_1_30' title='bbox 765 487 823 522; x_wconf 80' lang='lat' dir='ltr'>est,</span> <span class='ocrx_word' id='word_1_31' title='bbox 856 484 962 523; x_wconf 81' lang='lat' dir='ltr'>potius</span> <span class='ocrx_word' id='word_1_32' title='bbox 988 484 1132 515; x_wconf 85' lang='lat' dir='ltr'>rhizoma</span> <span class='ocrx_word' id='word_1_33' title='bbox 1157 494 1253 523; x_wconf 83' lang='lat' dir='ltr'>quam</span> <span class='ocrx_word' id='word_1_34' title='bbox 1280 486 1374 517; x_wconf 80' lang='lat' dir='ltr'>radix</span> <span class='ocrx_word' id='word_1_35' title='bbox 1400 488 1492 519; x_wconf 83' lang='lat' dir='ltr'>uobis</span> <span class='ocrx_word' id='word_1_36' title='bbox 1518 490 1719 521; x_wconf 87' lang='lat' dir='ltr'>nominanda</span> 
     </span>
     <span class='ocr_line' id='line_1_6' title="bbox 89 534 1722 578; baseline 0.002 -9"><span class='ocrx_word' id='word_1_37' title='bbox 89 547 161 569; x_wconf 85' lang='lat' dir='ltr'>esse</span> <span class='ocrx_word' id='word_1_38' title='bbox 185 536 324 575; x_wconf 77' lang='lat' dir='ltr'>videtur,</span> <span class='ocrx_word' id='word_1_39' title='bbox 346 545 420 565; x_wconf 84' lang='lat' dir='ltr'>nam</span> <span class='ocrx_word' id='word_1_40' title='bbox 446 544 486 564; x_wconf 73' lang='lat' dir='ltr'>ex</span> <span class='ocrx_word' id='word_1_41' title='bbox 510 544 549 564; x_wconf 86' lang='lat' dir='ltr'>ea</span> <span class='ocrx_word' id='word_1_42' title='bbox 573 537 692 564; x_wconf 76' lang='lat' dir='ltr'>exeunt</span> <span class='ocrx_word' id='word_1_43' title='bbox 717 543 780 564; x_wconf 89' lang='lat' dir='ltr'>non</span> <span class='ocrx_word' id='word_1_44' title='bbox 807 534 902 565; x_wconf 86' lang='lat' dir='ltr'>modo</span> <span class='ocrx_word' id='word_1_45' title='bbox 928 535 1093 576; x_wconf 80' lang='lat' dir='ltr'>radiculae,</span> <span class='ocrx_word' id='word_1_46' title='bbox 1111 545 1220 566; x_wconf 83' lang='lat' dir='ltr'>verum</span> <span class='ocrx_word' id='word_1_47' title='bbox 1247 536 1344 567; x_wconf 84' lang='lat' dir='ltr'>etiam</span> <span class='ocrx_word' id='word_1_48' title='bbox 1363 538 1508 570; x_wconf 72' lang='lat' dir='ltr'>tui-iones</span> <span class='ocrx_word' id='word_1_49' title='bbox 1526 549 1581 570; x_wconf 86' lang='lat' dir='ltr'>sev</span> <span class='ocrx_word' id='word_1_50' title='bbox 1605 542 1722 578; x_wconf 86' lang='lat' dir='ltr'>trunci,</span> 
     </span>
     <span class='ocr_line' id='line_1_7' title="bbox 92 578 1719 633; baseline 0.002 -14"><span class='ocrx_word' id='word_1_51' title='bbox 92 588 145 628; x_wconf 88' lang='lat' dir='ltr'>qui</span> <span class='ocrx_word' id='word_1_52' title='bbox 182 587 350 626; x_wconf 81' lang='lat' dir='ltr'>eriguntur</span> <span class='ocrx_word' id='word_1_53' title='bbox 385 589 417 616; x_wconf 85' lang='lat' dir='ltr'>et</span> <span class='ocrx_word' id='word_1_54' title='bbox 446 578 526 615; x_wconf 79' lang='lat' dir='ltr'>f&#39;olia</span> <span class='ocrx_word' id='word_1_55' title='bbox 557 594 595 615; x_wconf 86' lang='lat' dir='ltr'>ex</span> <span class='ocrx_word' id='word_1_56' title='bbox 621 584 715 624; x_wconf 80' lang='lat' dir='ltr'>apice</span> <span class='ocrx_word' id='word_1_57' title='bbox 740 585 916 625; x_wconf 74' lang='lat' dir='ltr'>explicant.</span> <span class='ocrx_word' id='word_1_58' title='bbox 966 586 1076 617; x_wconf 84' lang='lat' dir='ltr'>Utrum</span> <span class='ocrx_word' id='word_1_59' title='bbox 1103 586 1135 617; x_wconf 90' lang='lat' dir='ltr'>hi</span> <span class='ocrx_word' id='word_1_60' title='bbox 1160 587 1305 618; x_wconf 89' lang='lat' dir='ltr'>turiones</span> <span class='ocrx_word' id='word_1_61' title='bbox 1332 589 1511 620; x_wconf 86' lang='lat' dir='ltr'>moriantur</span> <span class='ocrx_word' id='word_1_62' title='bbox 1536 601 1605 622; x_wconf 89' lang='lat' dir='ltr'>cum</span> <span class='ocrx_word' id='word_1_63' title='bbox 1631 592 1719 633; x_wconf 82' lang='lat' dir='ltr'>folio,</span> 
     </span>
     <span class='ocr_line' id='line_1_8' title="bbox 91 635 1506 678; baseline 0.001 -8"><span class='ocrx_word' id='word_1_64' title='bbox 91 649 130 670; x_wconf 81' lang='lat' dir='ltr'>an</span> <span class='ocrx_word' id='word_1_65' title='bbox 158 646 317 678; x_wconf 77' lang='lat' dir='ltr'>perennes</span> <span class='ocrx_word' id='word_1_66' title='bbox 342 636 406 667; x_wconf 86' lang='lat' dir='ltr'>sint</span> <span class='ocrx_word' id='word_1_67' title='bbox 431 640 462 666; x_wconf 84' lang='lat' dir='ltr'>et</span> <span class='ocrx_word' id='word_1_68' title='bbox 487 635 663 675; x_wconf 83' lang='lat' dir='ltr'>quotannis</span> <span class='ocrx_word' id='word_1_69' title='bbox 689 645 773 666; x_wconf 86' lang='lat' dir='ltr'>nova</span> <span class='ocrx_word' id='word_1_70' title='bbox 798 637 963 676; x_wconf 79' lang='lat' dir='ltr'>explicent</span> <span class='ocrx_word' id='word_1_71' title='bbox 988 637 1077 677; x_wconf 78' lang='lat' dir='ltr'>folia7</span> <span class='ocrx_word' id='word_1_72' title='bbox 1103 637 1212 668; x_wconf 79' lang='lat' dir='ltr'>dicere</span> <span class='ocrx_word' id='word_1_73' title='bbox 1237 648 1299 668; x_wconf 89' lang='lat' dir='ltr'>non</span> <span class='ocrx_word' id='word_1_74' title='bbox 1327 649 1506 678; x_wconf 87' lang='lat' dir='ltr'>possumus.</span> 
     </span>
    </p>

    <p class='ocr_par' dir='ltr' id='par_1_4' title="bbox 90 686 1721 832">
     <span class='ocr_line' id='line_1_9' title="bbox 220 686 1721 733; baseline 0.003 -13"><span class='ocrx_word' id='word_1_75' title='bbox 220 690 421 720; x_wconf 55' lang='lat' dir='ltr'>Lamum-{ce</span> <span class='ocrx_word' id='word_1_76' title='bbox 446 687 604 727; x_wconf 69' lang='lat' dir='ltr'>Zonyipedc‘</span> <span class='ocrx_word' id='word_1_77' title='bbox 628 686 740 717; x_wconf 84' lang='lat' dir='ltr'>habitu</span> <span class='ocrx_word' id='word_1_78' title='bbox 766 691 831 718; x_wconf 84' lang='lat' dir='ltr'>tam</span> <span class='ocrx_word' id='word_1_79' title='bbox 858 693 906 718; x_wconf 87' lang='lat' dir='ltr'>est</span> <span class='ocrx_word' id='word_1_80' title='bbox 931 689 1059 724; x_wconf 77' lang='lat' dir='ltr'>similis,</span> <span class='ocrx_word' id='word_1_81' title='bbox 1078 694 1111 719; x_wconf 85' lang='lat' dir='ltr'>ut</span> <span class='ocrx_word' id='word_1_82' title='bbox 1129 699 1199 719; x_wconf 86' lang='lat' dir='ltr'>cum</span> <span class='ocrx_word' id='word_1_83' title='bbox 1218 689 1302 720; x_wconf 86' lang='lat' dir='ltr'>hanc</span> <span class='ocrx_word' id='word_1_84' title='bbox 1321 691 1532 732; x_wconf 80' lang='lat' dir='ltr'>accepissem,</span> <span class='ocrx_word' id='word_1_85' title='bbox 1552 696 1721 733; x_wconf 86' lang='lat' dir='ltr'>utramque</span> 
     </span>
     <span class='ocr_line' id='line_1_10' title="bbox 90 737 1721 782; baseline 0.002 -10"><span class='ocrx_word' id='word_1_86' title='bbox 90 741 227 772; x_wconf 81' lang='lat' dir='ltr'>eandem</span> <span class='ocrx_word' id='word_1_87' title='bbox 267 739 407 779; x_wconf 81' lang='lat' dir='ltr'>speciem</span> <span class='ocrx_word' id='word_1_88' title='bbox 444 737 655 768; x_wconf 79' lang='lat' dir='ltr'>declararem.</span> <span class='ocrx_word' id='word_1_89' title='bbox 700 738 876 778; x_wconf 82' lang='lat' dir='ltr'>Utriusque</span> <span class='ocrx_word' id='word_1_90' title='bbox 918 749 994 770; x_wconf 79' lang='lat' dir='ltr'>vero</span> <span class='ocrx_word' id='word_1_91' title='bbox 1031 740 1198 770; x_wconf 81' lang='lat' dir='ltr'>anatomia</span> <span class='ocrx_word' id='word_1_92' title='bbox 1232 741 1432 782; x_wconf 82' lang='lat' dir='ltr'>examinata,</span> <span class='ocrx_word' id='word_1_93' title='bbox 1468 743 1654 774; x_wconf 85' lang='lat' dir='ltr'>differentia</span> <span class='ocrx_word' id='word_1_94' title='bbox 1689 745 1721 775; x_wconf 90' lang='lat' dir='ltr'>in</span> 
     </span>
     <span class='ocr_line' id='line_1_11' title="bbox 92 795 311 832; baseline -0.009 -10"><span class='ocrx_word' id='word_1_95' title='bbox 92 796 205 832; x_wconf 85' lang='lat' dir='ltr'>aperto</span> <span class='ocrx_word' id='word_1_96' title='bbox 231 795 311 821; x_wconf 84' lang='lat' dir='ltr'>erat.</span> 
     </span>
    </p>

    <p class='ocr_par' dir='ltr' id='par_1_5' title="bbox 90 834 1723 1137">
     <span class='ocr_line' id='line_1_12' title="bbox 218 834 1723 886; baseline 0.004 -14"><span class='ocrx_word' id='word_1_97' title='bbox 218 842 254 872; x_wconf 91' lang='lat' dir='ltr'>In</span> <span class='ocrx_word' id='word_1_98' title='bbox 292 841 373 872; x_wconf 87' lang='lat' dir='ltr'>meis</span> <span class='ocrx_word' id='word_1_99' title='bbox 409 834 643 880; x_wconf 22' lang='lat' dir='ltr'>speci-minibus</span> <span class='ocrx_word' id='word_1_100' title='bbox 673 850 785 871; x_wconf 82' lang='lat' dir='ltr'>omnes</span> <span class='ocrx_word' id='word_1_101' title='bbox 811 841 879 872; x_wconf 81' lang='lat' dir='ltr'>fere</span> <span class='ocrx_word' id='word_1_102' title='bbox 903 841 1095 872; x_wconf 82' lang='lat' dir='ltr'>laciniarum</span> <span class='ocrx_word' id='word_1_103' title='bbox 1122 842 1233 882; x_wconf 87' lang='lat' dir='ltr'>apices</span> <span class='ocrx_word' id='word_1_104' title='bbox 1259 843 1386 883; x_wconf 81' lang='lat' dir='ltr'>abrupti</span> <span class='ocrx_word' id='word_1_105' title='bbox 1413 850 1505 886; x_wconf 77' lang='lat' dir='ltr'>sunt3</span> <span class='ocrx_word' id='word_1_106' title='bbox 1529 846 1561 876; x_wconf 84' lang='lat' dir='ltr'>vi</span> <span class='ocrx_word' id='word_1_107' title='bbox 1586 850 1723 878; x_wconf 81' lang='lat' dir='ltr'>externa</span> 
     </span>
     <span class='ocr_line' id='line_1_13' title="bbox 91 891 1723 933; baseline 0.002 -8"><span class='ocrx_word' id='word_1_108' title='bbox 91 905 131 925; x_wconf 86' lang='lat' dir='ltr'>an</span> <span class='ocrx_word' id='word_1_109' title='bbox 157 894 254 924; x_wconf 86' lang='lat' dir='ltr'>solita</span> <span class='ocrx_word' id='word_1_110' title='bbox 279 902 389 923; x_wconf 87' lang='lat' dir='ltr'>earum</span> <span class='ocrx_word' id='word_1_111' title='bbox 408 891 648 922; x_wconf 78' lang='lat' dir='ltr'>dissolutione?</span> <span class='ocrx_word' id='word_1_112' title='bbox 672 891 741 922; x_wconf 89' lang='lat' dir='ltr'>Hoc</span> <span class='ocrx_word' id='word_1_113' title='bbox 767 892 874 932; x_wconf 87' lang='lat' dir='ltr'>potius</span> <span class='ocrx_word' id='word_1_114' title='bbox 899 893 1080 933; x_wconf 53' lang='lat' dir='ltr'>crederemq</span> <span class='ocrx_word' id='word_1_115' title='bbox 1113 903 1175 924; x_wconf 85' lang='lat' dir='ltr'>una</span> <span class='ocrx_word' id='word_1_116' title='bbox 1204 894 1306 924; x_wconf 90' lang='lat' dir='ltr'>solum</span> <span class='ocrx_word' id='word_1_117' title='bbox 1332 895 1454 926; x_wconf 86' lang='lat' dir='ltr'>lacinia</span> <span class='ocrx_word' id='word_1_118' title='bbox 1479 897 1650 929; x_wconf 87' lang='lat' dir='ltr'>incolumis</span> <span class='ocrx_word' id='word_1_119' title='bbox 1675 903 1723 929; x_wconf 86' lang='lat' dir='ltr'>est</span> 
     </span>
     <span class='ocr_line' id='line_1_14' title="bbox 90 942 1722 985; baseline 0.004 -10"><span class='ocrx_word' id='word_1_120' title='bbox 90 949 121 976; x_wconf 89' lang='lat' dir='ltr'>et</span> <span class='ocrx_word' id='word_1_121' title='bbox 146 949 251 984; x_wconf 76' lang='lat' dir='ltr'>acuta,</span> <span class='ocrx_word' id='word_1_122' title='bbox 283 944 339 975; x_wconf 86' lang='lat' dir='ltr'>sed</span> <span class='ocrx_word' id='word_1_123' title='bbox 370 948 456 974; x_wconf 81' lang='lat' dir='ltr'>totus</span> <span class='ocrx_word' id='word_1_124' title='bbox 486 942 581 982; x_wconf 85' lang='lat' dir='ltr'>hujus</span> <span class='ocrx_word' id='word_1_125' title='bbox 617 952 700 982; x_wconf 86' lang='lat' dir='ltr'>apex</span> <span class='ocrx_word' id='word_1_126' title='bbox 731 947 835 973; x_wconf 85' lang='lat' dir='ltr'>tectus</span> <span class='ocrx_word' id='word_1_127' title='bbox 861 949 909 974; x_wconf 84' lang='lat' dir='ltr'>est</span> <span class='ocrx_word' id='word_1_128' title='bbox 935 954 1035 984; x_wconf 84' lang='lat' dir='ltr'>parvo</span> <span class='ocrx_word' id='word_1_129' title='bbox 1061 945 1200 984; x_wconf 87' lang='lat' dir='ltr'>quodam</span> <span class='ocrx_word' id='word_1_130' title='bbox 1229 945 1413 985; x_wconf 64' lang='lat' dir='ltr'>Eetocarpo,</span> <span class='ocrx_word' id='word_1_131' title='bbox 1449 947 1628 980; x_wconf 85' lang='lat' dir='ltr'>innumeris</span> <span class='ocrx_word' id='word_1_132' title='bbox 1654 949 1722 980; x_wconf 89' lang='lat' dir='ltr'>dia-</span> 
     </span>
     <span class='ocr_line' id='line_1_15' title="bbox 91 994 1723 1039; baseline 0.004 -13"><span class='ocrx_word' id='word_1_133' title='bbox 91 995 249 1026; x_wconf 82' lang='lat' dir='ltr'>tomaceis</span> <span class='ocrx_word' id='word_1_134' title='bbox 274 999 305 1025; x_wconf 84' lang='lat' dir='ltr'>et</span> <span class='ocrx_word' id='word_1_135' title='bbox 330 994 466 1025; x_wconf 78' lang='lat' dir='ltr'>floridea</span> <span class='ocrx_word' id='word_1_136' title='bbox 492 994 716 1024; x_wconf 82' lang='lat' dir='ltr'>confervaeea.</span> <span class='ocrx_word' id='word_1_137' title='bbox 750 994 787 1024; x_wconf 90' lang='lat' dir='ltr'>In</span> <span class='ocrx_word' id='word_1_138' title='bbox 812 994 919 1025; x_wconf 82' lang='lat' dir='ltr'>medio</span> <span class='ocrx_word' id='word_1_139' title='bbox 944 995 1041 1026; x_wconf 84' lang='lat' dir='ltr'>Junio</span> <span class='ocrx_word' id='word_1_140' title='bbox 1068 996 1129 1026; x_wconf 79' lang='lat' dir='ltr'>fert</span> <span class='ocrx_word' id='word_1_141' title='bbox 1155 996 1242 1036; x_wconf 90' lang='lat' dir='ltr'>apud</span> <span class='ocrx_word' id='word_1_142' title='bbox 1260 1006 1318 1027; x_wconf 89' lang='lat' dir='ltr'>nos</span> <span class='ocrx_word' id='word_1_143' title='bbox 1336 997 1723 1039; x_wconf 72' lang='lat' dir='ltr'>Lamimtriaflexe&#39;ccmlis</span> 
     </span>
     <span class='ocr_line' id='line_1_16' title="bbox 92 1045 1721 1086; baseline 0.003 -9"><span class='ocrx_word' id='word_1_144' title='bbox 92 1046 229 1077; x_wconf 80' lang='lat' dir='ltr'>lacinias</span> <span class='ocrx_word' id='word_1_145' title='bbox 267 1045 387 1076; x_wconf 78' lang='lat' dir='ltr'>veteris</span> <span class='ocrx_word' id='word_1_146' title='bbox 423 1045 554 1075; x_wconf 74' lang='lat' dir='ltr'>laminae</span> <span class='ocrx_word' id='word_1_147' title='bbox 591 1045 622 1075; x_wconf 92' lang='lat' dir='ltr'>in</span> <span class='ocrx_word' id='word_1_148' title='bbox 654 1045 803 1084; x_wconf 76' lang='lat' dir='ltr'>apicibus</span> <span class='ocrx_word' id='word_1_149' title='bbox 829 1055 931 1085; x_wconf 70' lang='lat' dir='ltr'>novoe,</span> <span class='ocrx_word' id='word_1_150' title='bbox 964 1046 1119 1086; x_wconf 77' lang='lat' dir='ltr'>Bryozois</span> <span class='ocrx_word' id='word_1_151' title='bbox 1146 1047 1295 1086; x_wconf 77' lang='lat' dir='ltr'>algisque</span> <span class='ocrx_word' id='word_1_152' title='bbox 1321 1047 1549 1080; x_wconf 77' lang='lat' dir='ltr'>minutissimis</span> <span class='ocrx_word' id='word_1_153' title='bbox 1574 1051 1721 1082; x_wconf 86' lang='lat' dir='ltr'>vestitas.</span> 
     </span>
     <span class='ocr_line' id='line_1_17' title="bbox 90 1096 1598 1137; baseline 0.002 -9"><span class='ocrx_word' id='word_1_154' title='bbox 90 1098 172 1128; x_wconf 91' lang='lat' dir='ltr'>Num</span> <span class='ocrx_word' id='word_1_155' title='bbox 201 1102 232 1128; x_wconf 82' lang='lat' dir='ltr'>et</span> <span class='ocrx_word' id='word_1_156' title='bbox 255 1096 341 1137; x_wconf 84' lang='lat' dir='ltr'>apud</span> <span class='ocrx_word' id='word_1_157' title='bbox 367 1097 450 1126; x_wconf 81' lang='lat' dir='ltr'>hanc</span> <span class='ocrx_word' id='word_1_158' title='bbox 477 1097 624 1136; x_wconf 84' lang='lat' dir='ltr'>plantam</span> <span class='ocrx_word' id='word_1_159' title='bbox 651 1096 771 1126; x_wconf 84' lang='lat' dir='ltr'>veteris</span> <span class='ocrx_word' id='word_1_160' title='bbox 797 1096 928 1127; x_wconf 80' lang='lat' dir='ltr'>laminae</span> <span class='ocrx_word' id='word_1_161' title='bbox 954 1097 1127 1136; x_wconf 81' lang='lat' dir='ltr'>vestigium</span> <span class='ocrx_word' id='word_1_162' title='bbox 1154 1102 1185 1128; x_wconf 90' lang='lat' dir='ltr'>et</span> <span class='ocrx_word' id='word_1_163' title='bbox 1211 1098 1393 1129; x_wconf 82' lang='lat' dir='ltr'>foliationis</span> <span class='ocrx_word' id='word_1_164' title='bbox 1418 1100 1598 1132; x_wconf 78' lang='lat' dir='ltr'>indicium?</span> 
     </span>
    </p>
   </div>
   <div class='ocr_carea' id='block_1_4' title="bbox 342 1240 1470 1290">
    <p class='ocr_par' dir='ltr' id='par_1_6' title="bbox 342 1240 1470 1290">
     <span class='ocr_line' id='line_1_18' title="bbox 342 1240 1470 1290; baseline 0.003 -12"><span class='ocrx_word' id='word_1_165' title='bbox 342 1244 374 1278; x_wconf 72' lang='lat' dir='ltr'>s</span> <span class='ocrx_word' id='word_1_166' title='bbox 417 1240 685 1277; x_wconf 75' lang='lat' dir='ltr'><strong>HAFGYGIA</strong></span> <span class='ocrx_word' id='word_1_167' title='bbox 717 1241 1081 1278; x_wconf 73' lang='lat' dir='ltr'>somoUNGULA</span> <span class='ocrx_word' id='word_1_168' title='bbox 1112 1242 1159 1289; x_wconf 74' lang='lat' dir='ltr'>(J.</span> <span class='ocrx_word' id='word_1_169' title='bbox 1191 1244 1282 1290; x_wconf 71' lang='lat' dir='ltr'>Ag.)</span> <span class='ocrx_word' id='word_1_170' title='bbox 1314 1245 1470 1281; x_wconf 64' lang='lat' dir='ltr'>Aresoh.</span> 
     </span>
    </p>
   </div>
   <div class='ocr_carea' id='block_1_5' title="bbox 89 1326 1727 1852">
    <p class='ocr_par' dir='ltr' id='par_1_7' title="bbox 89 1326 1727 1852">
     <span class='ocr_line' id='line_1_19' title="bbox 244 1326 1721 1378; baseline 0.003 -14"><span class='ocrx_word' id='word_1_171' title='bbox 244 1328 364 1364; x_wconf 76' lang='lat' dir='ltr'>Radix</span> <span class='ocrx_word' id='word_1_172' title='bbox 392 1327 692 1373; x_wconf 74' lang='lat' dir='ltr'>membranacea,</span> <span class='ocrx_word' id='word_1_173' title='bbox 722 1326 964 1363; x_wconf 82' lang='lat' dir='ltr'>disciformis.</span> <span class='ocrx_word' id='word_1_174' title='bbox 1009 1328 1181 1363; x_wconf 79' lang='lat' dir='ltr'>Truncus</span> <span class='ocrx_word' id='word_1_175' title='bbox 1210 1335 1324 1368; x_wconf 78' lang='lat' dir='ltr'>teres,</span> <span class='ocrx_word' id='word_1_176' title='bbox 1354 1344 1472 1378; x_wconf 86' lang='lat' dir='ltr'>usque</span> <span class='ocrx_word' id='word_1_177' title='bbox 1502 1332 1615 1367; x_wconf 87' lang='lat' dir='ltr'>adm.</span> <span class='ocrx_word' id='word_1_178' title='bbox 1646 1335 1721 1377; x_wconf 82' lang='lat' dir='ltr'>O‚01</span> 
     </span>
     <span class='ocr_line' id='line_1_20' title="bbox 91 1386 1724 1437; baseline 0.002 -13"><span class='ocrx_word' id='word_1_179' title='bbox 91 1401 254 1431; x_wconf 83' lang='lat' dir='ltr'>crassus,</span> <span class='ocrx_word' id='word_1_180' title='bbox 285 1401 331 1423; x_wconf 91' lang='lat' dir='ltr'>m.</span> <span class='ocrx_word' id='word_1_181' title='bbox 365 1390 381 1423; x_wconf 85' lang='lat'>1</span> <span class='ocrx_word' id='word_1_182' title='bbox 412 1388 564 1434; x_wconf 79' lang='lat' dir='ltr'>longus,</span> <span class='ocrx_word' id='word_1_183' title='bbox 594 1386 657 1422; x_wconf 85' lang='lat' dir='ltr'>ubi</span> <span class='ocrx_word' id='word_1_184' title='bbox 699 1387 960 1422; x_wconf 77' lang='lat' dir='ltr'>crassissimus</span> <span class='ocrx_word' id='word_1_185' title='bbox 991 1387 1113 1423; x_wconf 83' lang='lat' dir='ltr'>siccus</span> <span class='ocrx_word' id='word_1_186' title='bbox 1138 1388 1278 1423; x_wconf 82' lang='lat' dir='ltr'>cortice</span> <span class='ocrx_word' id='word_1_187' title='bbox 1307 1402 1449 1437; x_wconf 79' lang='lat' dir='ltr'>rugoso</span> <span class='ocrx_word' id='word_1_188' title='bbox 1478 1395 1613 1436; x_wconf 83' lang='lat' dir='ltr'>tectus,</span> <span class='ocrx_word' id='word_1_189' title='bbox 1644 1392 1724 1428; x_wconf 87' lang='lat' dir='ltr'>basi</span> 
     </span>
     <span class='ocr_line' id='line_1_21' title="bbox 89 1445 1725 1496; baseline 0.003 -13"><span class='ocrx_word' id='word_1_190' title='bbox 89 1448 128 1483; x_wconf 88' lang='lat' dir='ltr'>in</span> <span class='ocrx_word' id='word_1_191' title='bbox 157 1447 325 1483; x_wconf 82' lang='lat' dir='ltr'>sectione</span> <span class='ocrx_word' id='word_1_192' title='bbox 352 1446 600 1482; x_wconf 85' lang='lat' dir='ltr'>transversali</span> <span class='ocrx_word' id='word_1_193' title='bbox 630 1445 759 1482; x_wconf 83' lang='lat' dir='ltr'>orbem</span> <span class='ocrx_word' id='word_1_194' title='bbox 788 1446 1004 1482; x_wconf 82' lang='lat' dir='ltr'>lacunarum</span> <span class='ocrx_word' id='word_1_195' title='bbox 1035 1447 1300 1483; x_wconf 78' lang='lat' dir='ltr'>nniciferarum</span> <span class='ocrx_word' id='word_1_196' title='bbox 1330 1450 1575 1496; x_wconf 81' lang='lat' dir='ltr'>grandiorum</span> <span class='ocrx_word' id='word_1_197' title='bbox 1604 1451 1641 1487; x_wconf 81' lang='lat' dir='ltr'>in</span> <span class='ocrx_word' id='word_1_198' title='bbox 1670 1452 1725 1488; x_wconf 86' lang='lat' dir='ltr'>in-</span> 
     </span>
     <span class='ocr_line' id='line_1_22' title="bbox 91 1505 1725 1550; baseline 0.002 -7"><span class='ocrx_word' id='word_1_199' title='bbox 91 1507 230 1543; x_wconf 88' lang='lat' dir='ltr'>teriore</span> <span class='ocrx_word' id='word_1_200' title='bbox 253 1506 393 1543; x_wconf 84' lang='lat' dir='ltr'>cortice</span> <span class='ocrx_word' id='word_1_201' title='bbox 424 1506 649 1550; x_wconf 77' lang='lat' dir='ltr'>ostendens3</span> <span class='ocrx_word' id='word_1_202' title='bbox 681 1505 844 1542; x_wconf 81' lang='lat' dir='ltr'>medulla</span> <span class='ocrx_word' id='word_1_203' title='bbox 871 1506 909 1541; x_wconf 89' lang='lat' dir='ltr'>in</span> <span class='ocrx_word' id='word_1_204' title='bbox 939 1506 1108 1542; x_wconf 84' lang='lat' dir='ltr'>sectione</span> <span class='ocrx_word' id='word_1_205' title='bbox 1138 1508 1385 1543; x_wconf 85' lang='lat' dir='ltr'>transversali</span> <span class='ocrx_word' id='word_1_206' title='bbox 1412 1509 1530 1546; x_wconf 82' lang='lat' dir='ltr'>basali</span> <span class='ocrx_word' id='word_1_207' title='bbox 1558 1510 1725 1547; x_wconf 81' lang='lat' dir='ltr'>breviter</span> 
     </span>
     <span class='ocr_line' id='line_1_23' title="bbox 91 1565 1724 1614; baseline 0.003 -12"><span class='ocrx_word' id='word_1_208' title='bbox 91 1566 259 1614; x_wconf 83' lang='lat' dir='ltr'>elliptica</span> <span class='ocrx_word' id='word_1_209' title='bbox 275 1571 312 1601; x_wconf 89' lang='lat' dir='ltr'>et</span> <span class='ocrx_word' id='word_1_210' title='bbox 327 1565 502 1613; x_wconf 82' lang='lat' dir='ltr'>utrinque</span> <span class='ocrx_word' id='word_1_211' title='bbox 522 1570 641 1601; x_wconf 85' lang='lat' dir='ltr'>acuta.</span> <span class='ocrx_word' id='word_1_212' title='bbox 671 1565 818 1601; x_wconf 86' lang='lat' dir='ltr'>Folium</span> <span class='ocrx_word' id='word_1_213' title='bbox 849 1566 1202 1614; x_wconf 77' lang='lat' dir='ltr'>ovato-oblongum⁷</span> <span class='ocrx_word' id='word_1_214' title='bbox 1220 1579 1308 1604; x_wconf 82' lang='lat' dir='ltr'>vere</span> <span class='ocrx_word' id='word_1_215' title='bbox 1338 1573 1375 1604; x_wconf 87' lang='lat' dir='ltr'>et</span> <span class='ocrx_word' id='word_1_216' title='bbox 1395 1574 1526 1605; x_wconf 73' lang='lat' dir='ltr'>aestate</span> <span class='ocrx_word' id='word_1_217' title='bbox 1547 1570 1724 1607; x_wconf 87' lang='lat' dir='ltr'>laminam</span> 
     </span>
     <span class='ocr_line' id='line_1_24' title="bbox 93 1624 1726 1675; baseline 0.003 -13"><span class='ocrx_word' id='word_1_218' title='bbox 93 1625 273 1674; x_wconf 82' lang='lat' dir='ltr'>praeteriti</span> <span class='ocrx_word' id='word_1_219' title='bbox 301 1625 389 1661; x_wconf 82' lang='lat' dir='ltr'>anni</span> <span class='ocrx_word' id='word_1_220' title='bbox 416 1625 454 1660; x_wconf 89' lang='lat' dir='ltr'>in</span> <span class='ocrx_word' id='word_1_221' title='bbox 483 1624 590 1673; x_wconf 85' lang='lat' dir='ltr'>apice</span> <span class='ocrx_word' id='word_1_222' title='bbox 616 1631 774 1673; x_wconf 82' lang='lat' dir='ltr'>portans</span> <span class='ocrx_word' id='word_1_223' title='bbox 804 1631 842 1661; x_wconf 82' lang='lat' dir='ltr'>et</span> <span class='ocrx_word' id='word_1_224' title='bbox 869 1631 948 1661; x_wconf 89' lang='lat' dir='ltr'>tum</span> <span class='ocrx_word' id='word_1_225' title='bbox 976 1638 1095 1673; x_wconf 86' lang='lat' dir='ltr'>usque</span> <span class='ocrx_word' id='word_1_226' title='bbox 1125 1626 1171 1661; x_wconf 86' lang='lat' dir='ltr'>ad</span> <span class='ocrx_word' id='word_1_227' title='bbox 1200 1639 1248 1662; x_wconf 84' lang='lat' dir='ltr'>m.</span> <span class='ocrx_word' id='word_1_228' title='bbox 1270 1629 1291 1662; x_wconf 74' lang='lat'><em>2</em></span> <span class='ocrx_word' id='word_1_229' title='bbox 1321 1627 1476 1675; x_wconf 78' lang='lat' dir='ltr'>longum</span> <span class='ocrx_word' id='word_1_230' title='bbox 1507 1634 1543 1664; x_wconf 76' lang='lat' dir='ltr'>et</span> <span class='ocrx_word' id='word_1_231' title='bbox 1572 1643 1618 1666; x_wconf 91' lang='lat' dir='ltr'>m.</span> <span class='ocrx_word' id='word_1_232' title='bbox 1648 1632 1726 1675; x_wconf 78' lang='lat' dir='ltr'>O‚38</span> 
     </span>
     <span class='ocr_line' id='line_1_25' title="bbox 92 1684 1724 1732; baseline 0.003 -11"><span class='ocrx_word' id='word_1_233' title='bbox 92 1686 221 1730; x_wconf 78' lang='lat' dir='ltr'>latum,</span> <span class='ocrx_word' id='word_1_234' title='bbox 250 1684 372 1720; x_wconf 85' lang='lat' dir='ltr'>nullas</span> <span class='ocrx_word' id='word_1_235' title='bbox 402 1685 459 1731; x_wconf 83' lang='lat' dir='ltr'>(ut</span> <span class='ocrx_word' id='word_1_236' title='bbox 485 1690 616 1720; x_wconf 84' lang='lat' dir='ltr'>nostra</span> <span class='ocrx_word' id='word_1_237' title='bbox 645 1684 720 1720; x_wconf 83' lang='lat' dir='ltr'>fert</span> <span class='ocrx_word' id='word_1_238' title='bbox 748 1685 981 1732; x_wconf 76' lang='lat' dir='ltr'>observatio)</span> <span class='ocrx_word' id='word_1_239' title='bbox 1002 1686 1202 1721; x_wconf 82' lang='lat' dir='ltr'>continens</span> <span class='ocrx_word' id='word_1_240' title='bbox 1231 1686 1396 1722; x_wconf 81' lang='lat' dir='ltr'>lacunas.</span> <span class='ocrx_word' id='word_1_241' title='bbox 1452 1688 1724 1726; x_wconf 79' lang='lat' dir='ltr'>Fructificatio:</span> 
     </span>
     <span class='ocr_line' id='line_1_26' title="bbox 94 1744 1727 1793; baseline 0.004 -13"><span class='ocrx_word' id='word_1_242' title='bbox 94 1758 204 1780; x_wconf 87' lang='lat' dir='ltr'>sorus</span> <span class='ocrx_word' id='word_1_243' title='bbox 233 1745 271 1780; x_wconf 88' lang='lat' dir='ltr'>in</span> <span class='ocrx_word' id='word_1_244' title='bbox 300 1744 382 1781; x_wconf 82' lang='lat' dir='ltr'>basi</span> <span class='ocrx_word' id='word_1_245' title='bbox 410 1745 559 1780; x_wconf 60' lang='lat' dir='ltr'>laminae</span> <span class='ocrx_word' id='word_1_246' title='bbox 588 1744 785 1791; x_wconf 78' lang='lat' dir='ltr'>rotundus,</span> <span class='ocrx_word' id='word_1_247' title='bbox 803 1745 991 1793; x_wconf 82' lang='lat' dir='ltr'>ellipticus</span> <span class='ocrx_word' id='word_1_248' title='bbox 1013 1745 1072 1781; x_wconf 88' lang='lat' dir='ltr'>vel</span> <span class='ocrx_word' id='word_1_249' title='bbox 1093 1745 1322 1792; x_wconf 73' lang='lat' dir='ltr'>reniformis‚</span> <span class='ocrx_word' id='word_1_250' title='bbox 1339 1746 1461 1782; x_wconf 83' lang='lat' dir='ltr'>forma</span> <span class='ocrx_word' id='word_1_251' title='bbox 1477 1747 1727 1786; x_wconf 83' lang='lat' dir='ltr'>determinata</span> 
     </span>
     <span class='ocr_line' id='line_1_27' title="bbox 95 1803 737 1852; baseline 0 -13"><span class='ocrx_word' id='word_1_252' title='bbox 95 1817 163 1839; x_wconf 89' lang='lat' dir='ltr'>nec</span> <span class='ocrx_word' id='word_1_253' title='bbox 193 1803 524 1840; x_wconf 78' lang='lat' dir='ltr'>maculaeformiter</span> <span class='ocrx_word' id='word_1_254' title='bbox 553 1804 737 1852; x_wconf 82' lang='lat' dir='ltr'>dispersa.</span> 
     </span>
    </p>
   </div>
   <div class='ocr_carea' id='block_1_6' title="bbox 147 1891 1724 1981">
    <p class='ocr_par' dir='ltr' id='par_1_8' title="bbox 147 1891 1724 1981">
     <span class='ocr_line' id='line_1_28' title="bbox 147 1891 1724 1931; baseline 0.003 -14"><span class='ocrx_word' id='word_1_255' title='bbox 147 1891 219 1928; x_wconf 81' lang='lat' dir='ltr'>Syn.</span> <span class='ocrx_word' id='word_1_256' title='bbox 266 1892 436 1918; x_wconf 67' lang='lat' dir='ltr'>Laminaria</span> <span class='ocrx_word' id='word_1_257' title='bbox 460 1892 642 1928; x_wconf 64' lang='lat' dir='ltr'>solidzcngyulcc</span> <span class='ocrx_word' id='word_1_258' title='bbox 665 1892 691 1919; x_wconf 87' lang='lat' dir='ltr'>J.</span> <span class='ocrx_word' id='word_1_259' title='bbox 706 1892 823 1927; x_wconf 83' lang='lat' dir='ltr'>Agardh</span> <span class='ocrx_word' id='word_1_260' title='bbox 850 1892 1062 1929; x_wconf 78' lang='lat' dir='ltr'>Spetsbergens</span> <span class='ocrx_word' id='word_1_261' title='bbox 1088 1893 1154 1926; x_wconf 67' lang='lat' dir='ltr'>Alg.</span> <span class='ocrx_word' id='word_1_262' title='bbox 1180 1893 1243 1919; x_wconf 70' lang='lat' dir='ltr'>Ver.</span> <span class='ocrx_word' id='word_1_263' title='bbox 1260 1893 1351 1920; x_wconf 74' lang='lat' dir='ltr'>Akad.</span> <span class='ocrx_word' id='word_1_264' title='bbox 1371 1893 1478 1920; x_wconf 83' lang='lat' dir='ltr'>Handl.</span> <span class='ocrx_word' id='word_1_265' title='bbox 1500 1895 1576 1921; x_wconf 62' lang='lat'><strong>1861</strong></span> <span class='ocrx_word' id='word_1_266' title='bbox 1605 1905 1670 1931; x_wconf 73' lang='lat' dir='ltr'>pag.</span> <span class='ocrx_word' id='word_1_267' title='bbox 1699 1898 1724 1923; x_wconf 87' lang='lat'>1.</span> 
     </span>
     <span class='ocr_line' id='line_1_29' title="bbox 355 1941 1523 1981; baseline 0.003 -12"><span class='ocrx_word' id='word_1_268' title='bbox 355 1941 555 1978; x_wconf 80' lang='lat' dir='ltr'>-Kjelhnan</span> <span class='ocrx_word' id='word_1_269' title='bbox 581 1943 697 1978; x_wconf 80' lang='lat' dir='ltr'>Bihang</span> <span class='ocrx_word' id='word_1_270' title='bbox 721 1943 767 1970; x_wconf 87' lang='lat' dir='ltr'>till</span> <span class='ocrx_word' id='word_1_271' title='bbox 795 1943 857 1970; x_wconf 78' lang='lat' dir='ltr'>Vct.</span> <span class='ocrx_word' id='word_1_272' title='bbox 884 1943 975 1970; x_wconf 81' lang='lat' dir='ltr'>Akad.</span> <span class='ocrx_word' id='word_1_273' title='bbox 1002 1943 1109 1971; x_wconf 83' lang='lat' dir='ltr'>Handl.</span> <span class='ocrx_word' id='word_1_274' title='bbox 1136 1943 1228 1971; x_wconf 82' lang='lat' dir='ltr'>Band.</span> <span class='ocrx_word' id='word_1_275' title='bbox 1254 1944 1273 1970; x_wconf 71' lang='lat'>4</span> <span class='ocrx_word' id='word_1_276' title='bbox 1298 1944 1353 1970; x_wconf 64' lang='lat' dir='ltr'>Nn)</span> <span class='ocrx_word' id='word_1_277' title='bbox 1379 1944 1395 1971; x_wconf 82' lang='lat'>6</span> <span class='ocrx_word' id='word_1_278' title='bbox 1421 1954 1449 1981; x_wconf 90' lang='lat' dir='ltr'>p.</span> <span class='ocrx_word' id='word_1_279' title='bbox 1478 1946 1523 1973; x_wconf 86' lang='lat'>15.</span> 
     </span>
    </p>
   </div>
   <div class='ocr_carea' id='block_1_7' title="bbox 95 2017 1726 2127">
    <p class='ocr_par' dir='ltr' id='par_1_9' title="bbox 95 2017 1726 2127">
     <span class='ocr_line' id='line_1_30' title="bbox 248 2017 1726 2066; baseline 0.004 -14"><span class='ocrx_word' id='word_1_280' title='bbox 248 2017 306 2053; x_wconf 78' lang='lat' dir='ltr'>Ad</span> <span class='ocrx_word' id='word_1_281' title='bbox 336 2017 478 2053; x_wconf 83' lang='lat' dir='ltr'>insulas</span> <span class='ocrx_word' id='word_1_282' title='bbox 509 2017 836 2066; x_wconf 79' lang='lat' dir='ltr'>Spetsbergenses</span> <span class='ocrx_word' id='word_1_283' title='bbox 880 2019 1005 2054; x_wconf 86' lang='lat' dir='ltr'>multis</span> <span class='ocrx_word' id='word_1_284' title='bbox 1034 2019 1140 2065; x_wconf 76' lang='lat' dir='ltr'>locis⁷</span> <span class='ocrx_word' id='word_1_285' title='bbox 1183 2031 1385 2066; x_wconf 86' lang='lat' dir='ltr'>numquam</span> <span class='ocrx_word' id='word_1_286' title='bbox 1429 2020 1619 2057; x_wconf 84' lang='lat' dir='ltr'>socialiter</span> <span class='ocrx_word' id='word_1_287' title='bbox 1648 2035 1726 2058; x_wconf 86' lang='lat' dir='ltr'>cre-</span> 
     </span>
     <span class='ocr_line' id='line_1_31' title="bbox 95 2078 1496 2127; baseline 0.001 -15"><span class='ocrx_word' id='word_1_288' title='bbox 95 2090 219 2122; x_wconf 78' lang='lat' dir='ltr'>scens,</span> <span class='ocrx_word' id='word_1_289' title='bbox 248 2084 288 2112; x_wconf 84' lang='lat' dir='ltr'>ut</span> <span class='ocrx_word' id='word_1_290' title='bbox 317 2078 448 2113; x_wconf 52' lang='lat' dir='ltr'>filcaria</span> <span class='ocrx_word' id='word_1_291' title='bbox 473 2078 701 2126; x_wconf 65' lang='lat' dir='ltr'>yramlifolz‘a</span> <span class='ocrx_word' id='word_1_292' title='bbox 730 2084 940 2126; x_wconf 76' lang='lat' dir='ltr'>ceteraeque</span> <span class='ocrx_word' id='word_1_293' title='bbox 970 2078 1217 2114; x_wconf 82' lang='lat' dir='ltr'>Laminarieae</span> <span class='ocrx_word' id='word_1_294' title='bbox 1247 2078 1496 2127; x_wconf 72' lang='lat' dir='ltr'>(KJELLiuAn).</span> 
     </span>
    </p>
   </div>
   <div class='ocr_carea' id='block_1_8' title="bbox 92 2161 1726 2604">
    <p class='ocr_par' dir='ltr' id='par_1_10' title="bbox 92 2161 1726 2604">
     <span class='ocr_line' id='line_1_32' title="bbox 223 2161 1724 2203; baseline 0.003 -12"><span class='ocrx_word' id='word_1_295' title='bbox 223 2161 358 2201; x_wconf 84' lang='lat' dir='ltr'>Species</span> <span class='ocrx_word' id='word_1_296' title='bbox 382 2162 479 2192; x_wconf 83' lang='lat' dir='ltr'>valde</span> <span class='ocrx_word' id='word_1_297' title='bbox 504 2162 654 2202; x_wconf 83' lang='lat' dir='ltr'>insignis.</span> <span class='ocrx_word' id='word_1_298' title='bbox 700 2163 773 2194; x_wconf 91' lang='lat' dir='ltr'>Non</span> <span class='ocrx_word' id='word_1_299' title='bbox 799 2163 901 2194; x_wconf 88' lang='lat' dir='ltr'>solum</span> <span class='ocrx_word' id='word_1_300' title='bbox 929 2163 1038 2194; x_wconf 88' lang='lat' dir='ltr'>discus</span> <span class='ocrx_word' id='word_1_301' title='bbox 1063 2163 1229 2203; x_wconf 85' lang='lat' dir='ltr'>radicalis,</span> <span class='ocrx_word' id='word_1_302' title='bbox 1253 2163 1307 2202; x_wconf 91' lang='lat' dir='ltr'>qui</span> <span class='ocrx_word' id='word_1_303' title='bbox 1332 2166 1381 2193; x_wconf 84' lang='lat' dir='ltr'>est</span> <span class='ocrx_word' id='word_1_304' title='bbox 1405 2162 1580 2202; x_wconf 80' lang='lat' dir='ltr'>quidquam</span> <span class='ocrx_word' id='word_1_305' title='bbox 1607 2164 1640 2195; x_wconf 88' lang='lat' dir='ltr'>in</span> <span class='ocrx_word' id='word_1_306' title='bbox 1665 2165 1724 2195; x_wconf 86' lang='lat' dir='ltr'>La-</span> 
     </span>
     <span class='ocr_line' id='line_1_33' title="bbox 95 2213 1725 2254; baseline 0.003 -12"><span class='ocrx_word' id='word_1_307' title='bbox 95 2213 262 2243; x_wconf 83' lang='lat' dir='ltr'>minarieis</span> <span class='ocrx_word' id='word_1_308' title='bbox 287 2213 480 2254; x_wconf 86' lang='lat' dir='ltr'>inauditum,</span> <span class='ocrx_word' id='word_1_309' title='bbox 494 2223 605 2244; x_wconf 86' lang='lat' dir='ltr'>verum</span> <span class='ocrx_word' id='word_1_310' title='bbox 630 2214 728 2245; x_wconf 84' lang='lat' dir='ltr'>etiam</span> <span class='ocrx_word' id='word_1_311' title='bbox 755 2215 843 2246; x_wconf 86' lang='lat' dir='ltr'>orbis</span> <span class='ocrx_word' id='word_1_312' title='bbox 867 2215 1056 2246; x_wconf 88' lang='lat' dir='ltr'>lacunarum</span> <span class='ocrx_word' id='word_1_313' title='bbox 1083 2215 1114 2245; x_wconf 91' lang='lat' dir='ltr'>in</span> <span class='ocrx_word' id='word_1_314' title='bbox 1139 2218 1253 2245; x_wconf 85' lang='lat' dir='ltr'>trunco</span> <span class='ocrx_word' id='word_1_315' title='bbox 1279 2217 1353 2244; x_wconf 87' lang='lat' dir='ltr'>sunt</span> <span class='ocrx_word' id='word_1_316' title='bbox 1378 2213 1473 2244; x_wconf 85' lang='lat' dir='ltr'>valde</span> <span class='ocrx_word' id='word_1_317' title='bbox 1497 2216 1725 2247; x_wconf 86' lang='lat' dir='ltr'>memorabiles</span> 
     </span>
     <span class='ocr_line' id='line_1_34' title="bbox 94 2263 1726 2306; baseline 0.003 -13"><span class='ocrx_word' id='word_1_318' title='bbox 94 2267 126 2293; x_wconf 85' lang='lat' dir='ltr'>et</span> <span class='ocrx_word' id='word_1_319' title='bbox 151 2263 331 2303; x_wconf 79' lang='lat' dir='ltr'>praesertim</span> <span class='ocrx_word' id='word_1_320' title='bbox 358 2264 484 2295; x_wconf 80' lang='lat' dir='ltr'>lacunae</span> <span class='ocrx_word' id='word_1_321' title='bbox 501 2264 621 2305; x_wconf 79' lang='lat' dir='ltr'>dignae,</span> <span class='ocrx_word' id='word_1_322' title='bbox 636 2275 706 2305; x_wconf 84' lang='lat' dir='ltr'>quae</span> <span class='ocrx_word' id='word_1_323' title='bbox 722 2266 835 2306; x_wconf 88' lang='lat' dir='ltr'>paucis</span> <span class='ocrx_word' id='word_1_324' title='bbox 860 2266 967 2296; x_wconf 85' lang='lat' dir='ltr'>verbis</span> <span class='ocrx_word' id='word_1_325' title='bbox 993 2276 1032 2296; x_wconf 82' lang='lat' dir='ltr'>ex</span> <span class='ocrx_word' id='word_1_326' title='bbox 1057 2275 1141 2296; x_wconf 87' lang='lat' dir='ltr'>novo</span> <span class='ocrx_word' id='word_1_327' title='bbox 1166 2268 1396 2296; x_wconf 85' lang='lat' dir='ltr'>memorentur.</span> <span class='ocrx_word' id='word_1_328' title='bbox 1427 2265 1612 2296; x_wconf 78' lang='lat' dir='ltr'>Proximam</span> <span class='ocrx_word' id='word_1_329' title='bbox 1639 2266 1726 2298; x_wconf 86' lang='lat' dir='ltr'>intra</span> 
     </span>
     <span class='ocr_line' id='line_1_35' title="bbox 95 2314 1726 2357; baseline 0.004 -13"><span class='ocrx_word' id='word_1_330' title='bbox 95 2314 248 2345; x_wconf 85' lang='lat' dir='ltr'>corticem</span> <span class='ocrx_word' id='word_1_331' title='bbox 275 2324 389 2345; x_wconf 85' lang='lat' dir='ltr'>zonam</span> <span class='ocrx_word' id='word_1_332' title='bbox 417 2321 556 2356; x_wconf 87' lang='lat' dir='ltr'>occupat</span> <span class='ocrx_word' id='word_1_333' title='bbox 582 2317 668 2348; x_wconf 89' lang='lat' dir='ltr'>orbis</span> <span class='ocrx_word' id='word_1_334' title='bbox 693 2318 894 2349; x_wconf 84' lang='lat' dir='ltr'>lacunarum.</span> <span class='ocrx_word' id='word_1_335' title='bbox 926 2318 1004 2348; x_wconf 82' lang='lat' dir='ltr'>Haec</span> <span class='ocrx_word' id='word_1_336' title='bbox 1021 2328 1102 2348; x_wconf 86' lang='lat' dir='ltr'>zona</span> <span class='ocrx_word' id='word_1_337' title='bbox 1120 2317 1216 2348; x_wconf 83' lang='lat' dir='ltr'>valde</span> <span class='ocrx_word' id='word_1_338' title='bbox 1235 2321 1284 2347; x_wconf 86' lang='lat' dir='ltr'>est</span> <span class='ocrx_word' id='word_1_339' title='bbox 1301 2317 1384 2357; x_wconf 84' lang='lat' dir='ltr'>lata3</span> <span class='ocrx_word' id='word_1_340' title='bbox 1410 2316 1442 2347; x_wconf 89' lang='lat' dir='ltr'>in</span> <span class='ocrx_word' id='word_1_341' title='bbox 1460 2318 1604 2348; x_wconf 74' lang='lat' dir='ltr'>sectione</span> <span class='ocrx_word' id='word_1_342' title='bbox 1622 2322 1726 2350; x_wconf 86' lang='lat' dir='ltr'>trans-</span> 
     </span>
     <span class='ocr_line' id='line_1_36' title="bbox 94 2365 1726 2409; baseline 0.004 -15"><span class='ocrx_word' id='word_1_343' title='bbox 94 2365 213 2395; x_wconf 82' lang='lat' dir='ltr'>versali</span> <span class='ocrx_word' id='word_1_344' title='bbox 246 2365 370 2397; x_wconf 81' lang='lat' dir='ltr'>lacnnae</span> <span class='ocrx_word' id='word_1_345' title='bbox 401 2366 506 2397; x_wconf 85' lang='lat' dir='ltr'>rarius</span> <span class='ocrx_word' id='word_1_346' title='bbox 537 2372 611 2398; x_wconf 85' lang='lat' dir='ltr'>sunt</span> <span class='ocrx_word' id='word_1_347' title='bbox 635 2369 793 2408; x_wconf 80' lang='lat' dir='ltr'>rotundae,</span> <span class='ocrx_word' id='word_1_348' title='bbox 814 2369 933 2409; x_wconf 73' lang='lat' dir='ltr'>saepius</span> <span class='ocrx_word' id='word_1_349' title='bbox 959 2369 1115 2408; x_wconf 84' lang='lat' dir='ltr'>lineares;</span> <span class='ocrx_word' id='word_1_350' title='bbox 1141 2368 1167 2399; x_wconf 88' lang='lat' dir='ltr'>si</span> <span class='ocrx_word' id='word_1_351' title='bbox 1193 2367 1386 2408; x_wconf 80' lang='lat' dir='ltr'>rotundatae,</span> <span class='ocrx_word' id='word_1_352' title='bbox 1412 2368 1483 2399; x_wconf 83' lang='lat' dir='ltr'>duae</span> <span class='ocrx_word' id='word_1_353' title='bbox 1507 2378 1594 2408; x_wconf 81' lang='lat' dir='ltr'>saepe</span> <span class='ocrx_word' id='word_1_354' title='bbox 1618 2370 1726 2401; x_wconf 81' lang='lat' dir='ltr'>radia-</span> 
     </span>
     <span class='ocr_line' id='line_1_37' title="bbox 93 2416 1726 2461; baseline 0.002 -13"><span class='ocrx_word' id='word_1_355' title='bbox 93 2418 167 2449; x_wconf 81' lang='lat' dir='ltr'>liter</span> <span class='ocrx_word' id='word_1_356' title='bbox 191 2416 316 2447; x_wconf 70' lang='lat' dir='ltr'>locatae.</span> <span class='ocrx_word' id='word_1_357' title='bbox 365 2418 400 2449; x_wconf 78' lang='lat' dir='ltr'>Si</span> <span class='ocrx_word' id='word_1_358' title='bbox 425 2418 527 2451; x_wconf 76' lang='lat' dir='ltr'>sectio</span> <span class='ocrx_word' id='word_1_359' title='bbox 552 2419 658 2450; x_wconf 87' lang='lat' dir='ltr'>tenuis</span> <span class='ocrx_word' id='word_1_360' title='bbox 690 2419 795 2450; x_wconf 85' lang='lat' dir='ltr'>trunci</span> <span class='ocrx_word' id='word_1_361' title='bbox 820 2420 853 2450; x_wconf 89' lang='lat' dir='ltr'>in</span> <span class='ocrx_word' id='word_1_362' title='bbox 878 2419 1003 2450; x_wconf 87' lang='lat' dir='ltr'>lamina</span> <span class='ocrx_word' id='word_1_363' title='bbox 1027 2420 1133 2450; x_wconf 88' lang='lat' dir='ltr'>vitrea</span> <span class='ocrx_word' id='word_1_364' title='bbox 1157 2420 1308 2459; x_wconf 80' lang='lat' dir='ltr'>siccatur,</span> <span class='ocrx_word' id='word_1_365' title='bbox 1333 2419 1458 2450; x_wconf 81' lang='lat' dir='ltr'>lacunae</span> <span class='ocrx_word' id='word_1_366' title='bbox 1483 2429 1572 2450; x_wconf 81' lang='lat' dir='ltr'>suam</span> <span class='ocrx_word' id='word_1_367' title='bbox 1600 2422 1726 2461; x_wconf 89' lang='lat' dir='ltr'>magni-</span> 
     </span>
     <span class='ocr_line' id='line_1_38' title="bbox 93 2469 1726 2512; baseline 0.002 -13"><span class='ocrx_word' id='word_1_368' title='bbox 93 2469 238 2500; x_wconf 87' lang='lat' dir='ltr'>tudinem</span> <span class='ocrx_word' id='word_1_369' title='bbox 276 2470 451 2500; x_wconf 89' lang='lat' dir='ltr'>ostendunt</span> <span class='ocrx_word' id='word_1_370' title='bbox 486 2473 517 2501; x_wconf 90' lang='lat' dir='ltr'>et</span> <span class='ocrx_word' id='word_1_371' title='bbox 554 2471 706 2510; x_wconf 77' lang='lat' dir='ltr'>formam3</span> <span class='ocrx_word' id='word_1_372' title='bbox 738 2475 811 2501; x_wconf 82' lang='lat' dir='ltr'>sunt</span> <span class='ocrx_word' id='word_1_373' title='bbox 842 2474 957 2510; x_wconf 66' lang='lat' dir='ltr'>ovatze,</span> <span class='ocrx_word' id='word_1_374' title='bbox 989 2471 1149 2511; x_wconf 71' lang='lat' dir='ltr'>oblongae,</span> <span class='ocrx_word' id='word_1_375' title='bbox 1175 2471 1334 2509; x_wconf 79' lang='lat' dir='ltr'>rotundae,</span> <span class='ocrx_word' id='word_1_376' title='bbox 1360 2480 1472 2501; x_wconf 84' lang='lat' dir='ltr'>omnes</span> <span class='ocrx_word' id='word_1_377' title='bbox 1497 2470 1567 2502; x_wconf 88' lang='lat' dir='ltr'>sine</span> <span class='ocrx_word' id='word_1_378' title='bbox 1593 2473 1726 2512; x_wconf 85' lang='lat' dir='ltr'>propria</span> 
     </span>
     <span class='ocr_line' id='line_1_39' title="bbox 92 2521 1726 2564; baseline 0.001 -13"><span class='ocrx_word' id='word_1_379' title='bbox 92 2524 255 2551; x_wconf 83' lang='lat' dir='ltr'>structura</span> <span class='ocrx_word' id='word_1_380' title='bbox 289 2525 320 2551; x_wconf 90' lang='lat' dir='ltr'>et</span> <span class='ocrx_word' id='word_1_381' title='bbox 355 2524 481 2551; x_wconf 87' lang='lat' dir='ltr'>tantum</span> <span class='ocrx_word' id='word_1_382' title='bbox 518 2522 751 2552; x_wconf 85' lang='lat' dir='ltr'>excavationes</span> <span class='ocrx_word' id='word_1_383' title='bbox 789 2521 820 2551; x_wconf 91' lang='lat' dir='ltr'>in</span> <span class='ocrx_word' id='word_1_384' title='bbox 857 2525 1009 2552; x_wconf 80' lang='lat' dir='ltr'>contextu</span> <span class='ocrx_word' id='word_1_385' title='bbox 1035 2522 1190 2552; x_wconf 84' lang='lat' dir='ltr'>celluloso</span> <span class='ocrx_word' id='word_1_386' title='bbox 1227 2532 1245 2552; x_wconf 89' lang='lat' dir='ltr'>a</span> <span class='ocrx_word' id='word_1_387' title='bbox 1282 2531 1374 2552; x_wconf 87' lang='lat' dir='ltr'>muco</span> <span class='ocrx_word' id='word_1_388' title='bbox 1399 2521 1542 2552; x_wconf 84' lang='lat' dir='ltr'>intrante</span> <span class='ocrx_word' id='word_1_389' title='bbox 1567 2522 1726 2564; x_wconf 57' lang='lat' dir='ltr'>formano,</span> 
     </span>
     <span class='ocr_line' id='line_1_40' title="bbox 93 2571 611 2604; baseline 0.004 -3"><span class='ocrx_word' id='word_1_390' title='bbox 93 2575 127 2601; x_wconf 91' lang='lat' dir='ltr'>ut</span> <span class='ocrx_word' id='word_1_391' title='bbox 151 2571 183 2601; x_wconf 89' lang='lat' dir='ltr'>in</span> <span class='ocrx_word' id='word_1_392' title='bbox 209 2571 358 2602; x_wconf 84' lang='lat' dir='ltr'>omnibus</span> <span class='ocrx_word' id='word_1_393' title='bbox 384 2572 611 2604; x_wconf 83' lang='lat' dir='ltr'>Laminarieis.</span> 
     </span>
    </p>
   </div>
  </div>
 </body>
</html>
