2051 3001
404 205 447 238 14
967 202 1001 238 J.
1031 203 1073 237 E.
1103 203 1350 250 ARESCHOUG,

345 317 464 352 prope
502 304 651 339 Vardoe
693 304 729 339 in
772 303 987 339 Finmarkia
1030 304 1203 339 orientali
1230 317 1360 340 mense
1396 305 1563 342 Octobri.
1620 308 1791 344 Truncus
1822 323 1867 345 m.
1898 312 1976 356 O,55

344 364 493 411 longus,
522 364 660 398 lamina
688 376 734 398 m.
765 366 842 408 2766
873 363 988 410 longa
1017 369 1054 398 et
1082 377 1129 399 111.
1161 365 1240 409 0720
1268 364 1353 399 lata.
1400 365 1483 401 Hoc
1514 366 1707 414 specimen
1736 367 1974 414 giganteum;

341 424 461 459 fascia
489 423 600 458 solita
628 427 744 456 totam
775 422 949 458 laminam
976 423 1161 470 percurrit
1189 436 1210 459 a
1238 423 1319 459 basi
1347 424 1385 459 in
1405 425 1562 473 apicem,
1584 432 1621 461 et
1640 426 1782 462 vadunt
1801 428 1975 475 utrinque

341 497 363 519 a
390 483 472 518 basi
501 482 580 517 fere
600 481 636 516 in
659 481 803 528 apicem
822 482 940 517 series
963 482 1107 517 reticuli
1133 483 1380 530 superficialis
1410 497 1519 519 secus
1549 484 1718 531 fasciam,
1741 486 1973 533 marginibus

340 543 450 578 nudis
480 540 861 588 undulationibusque
886 541 964 588 jam
995 542 1175 577 evanidis.
1210 542 1312 577 Talis
1342 543 1482 590 planta,
1512 543 1658 590 qualem
1689 544 1972 592 descripsimus,

339 615 359 637 a
388 613 517 636 mense
548 599 704 635 Octobri
739 599 775 634 in
811 599 984 635 Martium
1015 606 1200 648 occupata
1229 607 1287 636 est
1314 600 1351 636 in
1380 602 1669 637 fructificatione
1700 603 1910 638 evolvenda
1935 609 1973 639 et

339 673 437 695 nova
466 660 604 694 lamina
635 658 793 694 alienda.
850 658 961 693 Initio
1000 659 1137 705 Martii,
1181 660 1307 706 sporis
1336 673 1405 707 pro
1435 661 1594 696 maxima
1626 668 1731 708 parte
1761 661 1904 708 sparsis
1935 667 1972 697 et

337 732 436 754 nova
477 718 615 753 lamina
656 717 826 763 educata,
869 717 1047 752 defuncta
1078 724 1137 753 est
1165 718 1240 753 vita
1266 719 1457 766 longeque
1483 719 1576 755 alius
1611 720 1691 767 ejus
1730 726 1789 755 est
1821 720 1970 756 habitus

336 791 447 825 quam
476 783 601 812 antea:
634 775 772 810 lamina.
802 776 923 811 adhuc
953 790 1000 811 m.
1019 778 1232 822 (mv—Off«)
1266 777 1382 825 longa
1402 783 1439 813 et
1467 791 1513 813 m.
1543 780 1620 823 0716
1650 779 1736 824 lata,
1765 784 1845 814 tota
1863 780 1971 815 fusca

335 842 372 872 et
401 836 620 880 laevissima,
668 834 735 869 sed
774 834 880 869 initio
924 835 1065 870 mensis
1100 836 1204 871 Junii
1238 842 1357 871 restat
1390 837 1651 872 tantummodo
1680 838 1717 872 in
1750 838 1856 885 apice
1884 838 1969 874 filiae

333 896 481 932 laminae
509 895 764 941 fragmentum
796 907 952 941 parvum
981 894 1017 929 in
1049 895 1128 941 ejus
1158 896 1388 931 memoriam.

487 953 695 989 Distributa
739 958 798 987 est
839 953 918 988 haec
957 954 1077 989 forma
1120 955 1156 989 in
1200 954 1373 990 omnibus
1402 955 1567 990 maribus
1597 956 1761 1004 Europae
1789 955 1965 1002 borealis,

334 1014 426 1049 mari
461 1013 599 1049 baltico
639 1019 811 1060 excepto,
849 1020 885 1048 et
921 1014 1058 1048 crescit
1100 1027 1248 1061 quoque
1284 1013 1331 1049 ad
1365 1027 1451 1049 oras
1480 1014 1656 1050 Islandiae
1686 1020 1722 1049 et
1751 1015 1832 1050 sine
1861 1013 1966 1049 dubi-

332 1073 474 1108 tatione
517 1073 629 1108 etiam
672 1073 716 1108 ad
762 1086 864 1108 oram
907 1072 1127 1107 orientalem
1158 1073 1342 1108 Americae
1374 1073 1550 1119 borealis,
1580 1073 1679 1108 unde
1708 1085 1756 1108 DE
1777 1084 1823 1108 LA
1845 1072 1965 1108 PYLAI

332 1132 448 1177 (Flor.
479 1132 594 1167 Terre
624 1145 744 1167 neuve
775 1146 810 1180 p.
838 1134 898 1178 14)
942 1145 1045 1167 suam
1090 1132 1218 1167 habuit
1260 1133 1364 1167 Lam.
1396 1139 1614 1180 vaporatam,
1645 1145 1726 1179 quae
1757 1132 1847 1167 mihi
1875 1145 1965 1168 vera

331 1192 548 1226 Laminaria
589 1193 802 1227 saecliarina
858 1192 1016 1237 videtur,
1052 1191 1220 1239 ejusdem
1265 1191 1537 1239 magnitudinis
1580 1204 1622 1227 ac
1666 1191 1879 1239 saepissime
1923 1191 1961 1226 in

330 1250 494 1298 Europa.
551 1250 697 1286 Crescit
735 1264 883 1298 quoque
920 1251 997 1286 haec
1026 1250 1159 1294 forma,
1189 1257 1229 1285 ut
1258 1263 1373 1298 supra
1402 1250 1706 1296 memoravimus,
1736 1250 1779 1285 ad
1812 1250 1961 1285 Vardoe

329 1315 367 1344 et
395 1309 441 1344 ad
471 1316 616 1356 partem
646 1310 929 1345 meridionalem
960 1310 1126 1357 Nowajae
1148 1309 1297 1357 88111113Ἀ
1315 1309 1397 1355 (cfr.
1426 1309 1557 1353 infra);
1578 1314 1735 1356 uterque
1756 1309 1861 1344 locus
1882 1309 1962 1345 fere

328 1368 398 1403 sub
427 1369 560 1404 eodem
590 1369 799 1405 latitudinis
828 1370 947 1417 gradu
979 1370 1084 1405 situs.

628 1520 661 1549 B.
711 1520 953 1550 LAMINARIA
979 1520 1257 1551 ›SACCHARINA
1284 1519 1497 1551 BOREALIS
1522 1518 1656 1549 Areseh.

380 1603 450 1639 Syn.
498 1602 668 1628 Luminarla
693 1605 824 1635 caperata
849 1599 874 1626 .].
903 1601 955 1635 Ag.
983 1600 1096 1636 Spetsb.
1125 1601 1181 1637 alg.
1208 1601 1311 1636 bidrag
1337 1603 1364 1627 et
1390 1600 1432 1627 De
1456 1599 1661 1626 Lamiuarieis.

501 1653 667 1679 Laneinaria
693 1652 834 1685 Asystrz‘lliii
859 1651 1003 1687 Kjellmnn
1031 1652 1144 1688 Spctsl).
1174 1653 1283 1679 marina
1308 1651 1512 1688 chlophyllfor.
1539 1650 1694 1687 Tballoph.
1721 1660 1747 1686 1).
1778 1649 1825 1676 18.

479 1728 650 1763 Truncus
693 1726 953 1774 longissimus,
996 1739 1069 1761 non
1107 1740 1191 1762 raro
1221 1741 1268 1762 m.
1297 1729 1373 1773 0,01
1409 1739 1575 1771 crassus,
1605 1725 1760 1771 solidus,
1791 1738 1954 1772 superne

324 1799 579 1835 compressus,
620 1785 782 1832 denique
824 1786 924 1821 intus
968 1786 1169 1822 tabescens
1200 1792 1236 1822 et
1263 1787 1471 1832 fistulosus,
1501 1785 1628 1833 plures
1658 1797 1778 1820 annos
1807 1784 1953 1820 vivens.

323 1846 419 1881 Folii
448 1846 586 1881 lamina
614 1858 764 1892 magna,
793 1858 912 1892 usque
943 1844 988 1879 ad
1018 1858 1063 1880 m.
1095 1848 1173 1891 2700
1202 1845 1318 1893 longa
1347 1850 1384 1881 et
1412 1858 1458 1879 m.
1488 1846 1567 1891 0750
1596 1845 1670 1879 lata
1698 1844 1952 1890 (KJELLMAN),

322 1905 534 1954 praesertim
574 1903 771 1939 latitudine
814 1904 1066 1951 praecedentis
1102 1904 1277 1940 laminam
1308 1903 1510 1948 excedens,
1541 1903 1659 1938 fascia
1686 1901 1953 1949 longitudinali

322 1977 501 2012 percursa
531 1969 568 1998 et
597 1975 706 1998 secus
736 1962 831 1997 lianc
861 1962 1035 2009 utrinque
1065 1963 1261 1998 reticulum
1293 1962 1530 2010 superficiale
1556 1967 1596 1997 ut
1621 1962 1658 1997 in
1683 1962 1809 2009 priore
1829 1960 1952 1996 forma

321 2036 472 2071 gerens,
503 2022 658 2057 maculis
689 2026 846 2069 propter
875 2021 1039 2061 subitam
1066 2021 1313 2057 crescentiam
1344 2021 1429 2068 plus
1458 2020 1580 2056 minus
1610 2019 1878 2067 irregularibus
1909 2025 1946 2055 et

321 2095 423 2130 saepe
465 2081 691 2126 dilaceratis,
733 2080 770 2115 in
812 2092 953 2126 genere
995 2085 1117 2115 autem
1168 2079 1383 2127 majoribus.
1439 2079 1654 2127 Sporangia
1682 2092 1763 2114 cum
1794 2091 1951 2126 parane-

321 2141 482 2176 matibus
512 2153 610 2175 nunc
638 2138 967 2175 maculaeformiter
988 2139 1163 2185 fasciam,
1191 2152 1290 2174 1111110
1317 2139 1412 2173 113110
1432 2138 1513 2174 fere
1542 2144 1676 2185 totam,
1706 2151 1804 2173 nunc
1833 2138 1950 2185 majo-

320 2214 398 2236 rem
429 2201 660 2235 minoremve
689 2199 837 2234 laminae
866 2203 1010 2246 partem
1041 2198 1272 2245 obtegcntia.

474 2259 622 2295 Crescit
650 2258 695 2293 ad
726 2257 928 2293 Islandiam
959 2264 996 2293 et
1020 2258 1057 2292 in
1078 2258 1170 2293 mari
1191 2258 1409 2305 norvegico,
1426 2257 1524 2293 inter
1542 2257 1685 2292 insulas
1706 2255 1948 2302 Lofotenses,

320 2333 393 2355 11011
431 2332 513 2354 1310
544 2324 581 2353 et
609 2317 677 2352 sub
709 2317 916 2352 innumeris
950 2316 1094 2352 formis.
1156 2317 1197 2351 In
1233 2317 1324 2351 mari
1365 2316 1514 2364 glaciali
1556 2316 1602 2352 ad
1643 2315 1785 2351 insulas
1816 2314 1948 2363 Spets-

320 2379 528 2425 bergenses
558 2383 595 2412 et
626 2377 781 2423 Nowaja
811 2376 950 2424 Semlja
980 2377 1161 2423 (KJELLM.
1192 2376 1214 2411 l.
1245 2376 1290 2424 c.)

449 2470 525 2500 Haec
561 2469 631 2499 duze
668 2469 779 2499 formae
815 2469 845 2498 in
883 2479 920 2499 80
956 2469 1163 2503 0011ν81111111ῖ,
1202 2468 1288 2508 (111οᾱ
1314 2468 1418 2499 fascia
1442 2465 1693 2506 longitudinalis
1718 2469 1749 2495 et
1774 2464 1942 2495 reticulum

320 2520 524 2560 superficiale
554 2521 585 2550 in
616 2524 750 2559 utraque
781 2520 896 2550 adesse
928 2525 1073 2560 possunt,
1109 2530 1125 2550 e
1150 2530 1212 2559 quo
1237 2525 1346 2551 tamen
1372 2519 1458 2550 haud
1483 2517 1637 2557 sequitur,
1674 2525 1713 2546 ea
1737 2524 1865 2554 semper
1889 2514 1944 2545 ad-

320 2581 400 2601 esse.
444 2570 508 2601 Sed
539 2570 690 2600 differunt
708 2571 740 2600 in
771 2581 818 2609 eo,
848 2571 933 2610 quod
958 2571 1061 2601 forma
1087 2571 1240 2601 australis
1264 2574 1322 2606 est,
1349 2574 1382 2600 ut
1405 2570 1453 2600 ita
1477 2569 1593 2607 dicam,
1619 2565 1812 2606 elegantior,
1837 2565 1944 2605 magis

320 2621 490 2659 elongata,
526 2620 711 2660 angustior,
748 2621 886 2661 denique
924 2622 1028 2661 inagis
1063 2623 1400 2662 subpergamentacea
1436 2625 1467 2652 et
1503 2620 1613 2659 firma,
1649 2618 1838 2658 plerumque
1874 2616 1943 2647 bre-
