2051 3001
349 186 371 220 4
921 179 956 215 J.
987 179 1030 215 E.
1060 179 1305 222 ARESCHOUG,

449 281 492 312 Ut
527 281 609 320 algae
644 280 677 311 in
715 289 846 319 genere,
876 279 923 309 ita
959 282 991 308 et
1021 277 1091 308 haec
1124 277 1253 318 species
1282 285 1486 316 magnopere
1511 277 1724 308 multiformis
1749 282 1809 318 est,
1834 287 1936 317 quare

298 332 475 364 nonnullas
499 332 569 371 ejus
594 332 717 361 formas
741 329 859 360 afferre
884 329 1043 360 volumus.

453 382 615 422 Specimen
631 381 785 422 juvenile,
809 382 856 412 ,28
880 390 935 411 cm.
961 381 1088 411 circiter
1112 379 1256 418 Zonqum:
1291 377 1399 408 Radix
1429 382 1568 417 scutata,
1597 377 1716 418 tenuis,
1742 388 1758 409 e
1785 378 1936 418 margine

300 433 467 465 radiculas
502 442 651 463 ramosas
687 431 873 462 demittens.
920 429 1031 460 Caulis
1062 429 1132 460 basi
1158 428 1298 468 simplex
1328 433 1360 459 et
1388 432 1486 468 teres,
1511 428 1639 459 unciam
1666 439 1766 469 supra
1790 429 1934 460 radicem

300 483 441 516 distiche
466 492 625 521 ramosus,
655 492 726 513 cum
752 481 852 512 ramis
878 481 947 511 basi
973 489 1101 519 quoque
1126 479 1295 518 teretibuS,
1326 488 1453 510 sursum
1478 479 1743 510 fasciaeformiter
1767 480 1933 520 expansis.

303 535 398 565 Folia
422 533 534 564 omnia
561 533 672 573 plana,
698 534 729 563 in
756 532 962 571 marginibus
987 540 1082 570 quum
1109 530 1213 560 caulis
1238 530 1400 570 primarii,
1425 533 1490 560 tum
1510 540 1673 561 ramorum
1688 530 1938 570 longitudinali-

301 590 351 616 ter
375 584 477 615 dense
502 584 747 623 approximata,
772 583 950 623 petiolata,
976 581 1101 612 lamina
1127 580 1289 611 subovata
1314 580 1366 611 vel
1391 581 1545 616 obovata,
1572 583 1586 611 1
1607 582 1644 621 's2
1669 591 1728 612 cm.
1756 581 1866 621 longa.

452 634 578 665 Ramus
614 635 768 674 Zonyioris
803 634 999 673 speciminis,
1034 631 1208 663 normalis:
1244 630 1432 670 Longitudo
1470 631 1530 661 136
1562 641 1621 662 cm.
1659 631 1770 663 Caulis
1801 636 1937 672 portans

302 686 387 717 3ss4
422 695 531 715 ramos
562 685 811 724 fasciaeformes,
846 684 917 714 basi
952 687 1084 723 teretes,
1120 682 1246 722 apicem
1288 691 1401 712 versus
1446 681 1604 713 dilatatos
1643 686 1675 713 et
1713 682 1937 722 longitudina-

302 737 377 767 liter
417 736 572 776 plicat0s3
615 735 719 766 caulis
758 735 834 765 dein
876 743 1082 774 compressus
1123 737 1154 764 et
1194 733 1278 763 5—ss
1324 743 1397 763 mm.
1440 732 1526 763 latus
1564 733 1597 763 in
1636 737 1724 764 statu
1759 733 1937 773 exsiccato,

302 788 453 826 utrinque
489 795 581 816 secus
617 789 788 825 utrumque
814 786 994 825 marginem
1022 784 1110 815 foliis
1141 783 1351 824 spathulatis,
1381 792 1483 823 usque
1515 784 1641 815 10—15
1676 794 1736 814 cm.
1773 784 1881 824 longis
1906 790 1938 815 et

304 838 409 869 8-15
445 847 519 867 mm.
554 836 631 867 latis
657 837 819 867 obsessus.
868 836 1027 867 Vesiculae
1057 835 1143 866 inter
1172 835 1253 865 folia
1283 834 1427 865 breviter
1457 834 1675 874 pedicellatae,
1701 835 1833 874 singulo
1858 835 1937 866 folio

305 889 495 929 plerumque
530 892 709 927 coronatae3
746 897 831 927 apex
862 887 965 917 caulis
990 886 1159 926 dilatatus,
1184 886 1303 917 coloris
1327 885 1463 916 laetioris
1488 890 1520 916 et
1544 889 1681 925 utroque
1706 886 1809 916 latere
1833 886 1939 926 longi-

303 939 495 970 tudinaliter
532 938 682 978 plicatus,
719 938 814 978 plicis
849 937 1126 977 subsimplicibus.
1181 937 1258 968 Haec
1291 936 1608 967 forma'fructificat
1643 936 1713 967 sine
1749 936 1848 967 dubio
1884 947 1937 968 au-

305 989 441 1021 tumnali
467 992 624 1029 tempore,
650 998 747 1028 quum
772 988 1063 1028 circumvagantur
1088 987 1129 1018 ad
1155 997 1230 1018 oras
1260 986 1482 1018 Calisornicas
1506 988 1694 1026 fragmenta
1719 987 1938 1027 receptaculis

305 1041 427 1071 fructus
453 1040 544 1078 large
569 1043 696 1069 onusta.

456 1089 688 1130 Sporophylla,
726 1094 759 1120 ut
794 1089 949 1129 diximus,
985 1090 1070 1120 inter
1105 1089 1186 1120 folia
1221 1088 1321 1129 plana
1345 1093 1377 1118 et
1401 1097 1471 1118 eum
1498 1087 1538 1118 iis
1563 1098 1580 1118 e
1605 1088 1809 1127 marginibus
1834 1098 1938 1119 ramo-

307 1152 374 1172 rum
401 1140 616 1181 egredientia,
642 1150 742 1180 usque
770 1142 781 1171 1
810 1150 869 1171 cm.
889 1141 989 1180 longa
1008 1145 1039 1171 et
1056 1141 1140 1171 52—,5‘
1159 1150 1232 1170 mm.
1251 1140 1329 1179 lata,
1347 1148 1546 1179 compressa,
1566 1138 1705 1169 linearia
1724 1139 1774 1170 vel
1793 1139 1824 1169 in
1844 1139 1937 1170 basin

305 1192 468 1223 cuneatim
506 1194 687 1230 attenuata,
725 1192 819 1232 apice
855 1191 1048 1230 rotundata,
1080 1190 1167 1221 nuda
1197 1190 1249 1220 vel
1285 1193 1379 1230 parte
1414 1199 1568 1229 suprema
1603 1189 1674 1220 folii
1710 1189 1936 1220 transformati

306 1247 474 1282 coronata,
500 1246 636 1281 utroque
661 1242 763 1273 latere
784 1243 918 1282 jugata3
940 1242 1022 1281 juga
1048 1241 1315 1281 longitudinalia,
1340 1240 1494 1280 longiora
1517 1241 1567 1271 vel
1594 1240 1756 1280 breviora,
1781 1245 1868 1271 recta
1887 1240 1938 1271 vel

308 1294 426 1324 leniter
451 1297 597 1332 curvata,
622 1293 695 1333 plus
720 1293 826 1323 minus
853 1301 1036 1331 numerosa,
1062 1292 1179 1322 dissita
1203 1292 1255 1323 vel
1281 1291 1522 1332 approximata.
1564 1291 1708 1322 Stratum
1735 1291 1936 1322 fructiferum

307 1345 392 1375 inter
412 1345 505 1384 juga,
529 1353 546 1374 e
570 1344 760 1383 sporangiis
784 1348 815 1374 et
841 1342 1119 1383 paranematibus,
1144 1347 1177 1374 ut
1202 1343 1235 1373 in
1260 1342 1473 1382 Laminariis,
1497 1345 1729 1372 constructum.

459 1394 621 1434 Specimcn
649 1396 832 1434 maximum,
862 1397 883 1425 3
912 1397 1013 1425 metra
1038 1394 1173 1434 lonyum,
1188 1394 1287 1434 foliis
1310 1394 1511 1433 capillacea:
1546 1392 1657 1424 Caulis
1682 1392 1754 1423 basi
1779 1402 1937 1433 ramosus,

308 1446 407 1477 ramis
433 1445 503 1476 basi
528 1445 757 1485 subteretibus,
784 1455 858 1476 mox
889 1445 1007 1485 planis,
1037 1445 1056 1475 ἵ)
1081 1455 1154 1475 mm.
1180 1444 1256 1475 latis
1281 1447 1313 1475 et
1337 1443 1552 1484 simplicibus,
1577 1443 1729 1483 utrinque
1755 1453 1812 1484 per
1836 1448 1936 1474 totam

307 1496 548 1536 longitudinem
590 1497 739 1535 margine
773 1496 854 1526 folia
890 1496 1082 1535 capillacea,
1119 1505 1189 1535 quae
1224 1494 1352 1526 sterilia
1387 1498 1462 1525 sunt
1494 1503 1553 1525 nec
1584 1494 1683 1525 ullam
1714 1494 1936 1525 fructificatio-

308 1557 380 1578 nem
418 1556 592 1587 procreare
616 1556 712 1587 posse
737 1546 901 1587 videntur,
927 1551 958 1578 et.
984 1547 1146 1578 vesiculas
1172 1549 1352 1586 portantes.
1400 1545 1493 1576 Hanc
1521 1545 1659 1575 formam
1685 1546 1725 1576 ab
1750 1546 1939 1577 auctoribus

309 1608 482 1637 numquam
508 1598 707 1638 descriptam
733 1598 926 1629 invenimus.
954 1598 1137 1629 Observare
1162 1597 1317 1628 debemus
1342 1596 1423 1627 folia
1448 1596 1548 1635 plana
1572 1599 1604 1626 et
1620 1596 1805 1636 capillacea
1821 1597 1853 1627 in
1872 1606 1936 1628 uno

309 1648 490 1688 eodemque
517 1648 699 1689 specimine
725 1649 857 1689 adesse,
883 1658 977 1688 quum
1004 1657 1080 1678 vero
1098 1658 1195 1679 unum
1217 1647 1397 1678 alterumve
1416 1656 1521 1686 genus
1539 1647 1702 1677 emoriens
1720 1651 1779 1687 est,
1799 1647 1938 1688 plerum-

308 1709 369 1739 que
393 1702 468 1730 sunt
492 1699 571 1729 folia
596 1699 704 1739 plana.
741 1699 916 1729 Planorum
943 1699 1094 1729 foliorum
1121 1698 1352 1740 physiologica
1379 1697 1503 1728 functio
1528 1701 1588 1737 est,
1620 1702 1654 1728 ut
1678 1698 1773 1729 nobis
1798 1697 1938 1737 videtur,

309 1750 440 1791 duplex:
466 1750 585 1790 plantae
610 1750 785 1780 nutricatio
811 1755 842 1780 et
867 1750 1130 1781 fructificationis
1159 1749 1315 1781 evolutio,
1339 1748 1435 1778 Folia
1459 1748 1640 1788 capillacea
1656 1758 1796 1788 ramosa,
1811 1748 1940 1789 teretia,

309 1801 379 1832 basi
415 1805 487 1832 seta
521 1800 656 1840 porcina
693 1810 755 1831 non
793 1800 893 1831 multo
919 1802 1093 1841 crassiora,
1124 1801 1223 1832 ramis
1248 1799 1373 1840 sparsis
1397 1803 1429 1830 et
1453 1799 1552 1839 longe
1576 1800 1787 1840 distantibus,
1811 1800 1937 1840 apicem

308 1861 421 1883 versus
446 1851 623 1891 paullulum
651 1855 832 1890 attenuata,
857 1860 957 1890 usque
985 1853 1020 1882 11
1047 1862 1107 1883 cm.
1132 1852 1243 1891 longa,
1268 1860 1285 1881 e
1309 1850 1413 1881 tribus
1437 1850 1628 1881 cellularum
1642 1851 1766 1890 stratis,
1781 1850 1940 1890 corticali‚

308 1902 504 1933 intermedio
529 1906 560 1932 et
584 1902 732 1941 centrali,
758 1906 954 1932 constructa.
991 1902 1241 1942 Morphologica
1264 1910 1374 1932 eorum
1401 1900 1545 1931 evolutio
1570 1901 1611 1931 ab
1635 1902 1823 1932 evolutione
1847 1901 1939 1932 folio-

309 1964 377 1984 rum
404 1953 575 1993 planorum
602 1954 656 1983 vix
680 1953 743 1983 nisi
768 1953 874 1983 forma
898 1953 1029 1984 differre
1054 1953 1193 1993 videtur,
1216 1951 1302 1982 unde
1327 1951 1492 1991 conjicere
1510 1952 1618 1992 liceat,
1638 1952 1707 1984 haec
1724 1962 1762 1983 eo
1782 1956 1940 1992 tempore,

309 2014 371 2044 quo
396 2004 454 2034 illa
479 2003 718 2044 desiderantur,
743 2004 894 2034 inserviri
921 2004 1142 2035 nutricationi.
1189 2003 1267 2034 Haec
1291 2002 1354 2033 duo
1379 2002 1529 2032 foliorum
1555 2013 1680 2042 genera
1703 2003 1844 2035 diversis
1862 2003 1937 2033 anni

308 2054 510 2096 temporibus
547 2054 723 2084 maxima-m
761 2064 850 2084 snam
888 2054 1052 2094 attingere
1077 2054 1308 2093 evolutionem,
1333 2052 1477 2083 dubitari
1503 2062 1566 2083 non
1592 2058 1716 2094 potest,
1741 2064 1804 2093 quo
1830 2060 1936 2084 autem

309 2111 456 2146 tempore
481 2104 573 2144 illud,
598 2114 660 2144 quo
687 2104 757 2145 hoc,
782 2105 892 2136 dicere
918 2116 981 2136 non
1007 2115 1188 2146 possumus.
1213 2104 1247 2135 Si
1272 2113 1349 2134 vero
1374 2104 1527 2144 Eyreqia,
1552 2108 1586 2135 ut
1610 2105 1698 2144 apud
1717 2114 1776 2135 nos
1793 2104 1939 2135 Hale'coc—

309 2167 364 2189 cus
387 2157 536 2193 nodosus,
562 2155 668 2187 hieme
693 2156 877 2196 fructificat,
902 2156 983 2186 folia
1007 2156 1108 2196 plana
1131 2159 1205 2186 sunt
1222 2154 1404 2186 certissime
1425 2154 1592 2195 hiemalia,
1610 2159 1642 2186 et
1660 2155 1740 2187 folia
1756 2155 1940 2195 capillacea

310 2207 483 2238 aestivalia
531 2206 657 2237 Folium
683 2206 901 2238 vesicularum
927 2207 1055 2247 apicale
1080 2206 1272 2237 normaliter
1296 2210 1345 2236 est
1369 2205 1516 2245 ejusdem
1544 2205 1668 2245 formae,
1700 2216 1738 2236 ac
1766 2210 1841 2237 sunt
1857 2206 1938 2236 solia

310 2268 490 2298 ramorum;
515 2261 564 2288 est
589 2257 690 2297 igitur
715 2267 799 2288 nunc
824 2257 969 2298 planum,
994 2262 1028 2288 ut
1052 2257 1249 2288 describitur
1274 2256 1314 2287 ab
1339 2256 1541 2296 auctoribus,
1565 2266 1650 2287 nune
1675 2257 1903 2297 capillaceum.
