2051 3001
370 189 413 223 10
939 183 974 219 J.
1004 182 1046 217 E.
1078 182 1321 227 Armscnoue,

311 286 546 318 fructification
582 285 616 315 of
638 284 692 315 the
717 283 845 323 species
871 282 905 313 of
927 282 1084 313 Lessom'co
1109 291 1233 321 occurs⁷
1259 291 1294 311 as
1319 281 1351 311 in
1378 281 1602 321 Maerocystis,
1628 291 1714 320 upon
1740 281 1795 311 the
1820 281 1950 311 surface

313 337 347 368 of
381 337 435 367 the
460 335 573 366 fronds
597 334 661 365 and
696 334 788 365 there
824 333 925 364 forms
959 333 1051 372 large
1077 332 1224 372 patches.
1270 332 1308 362 In
1334 331 1387 362 the
1413 335 1545 371 present
1570 332 1697 371 species
1721 331 1776 362 the
1801 331 1867 362 sori
1892 340 1951 361 are

312 387 456 419 situated
481 386 610 427 beyond
634 386 690 416 the
714 384 838 415 middle
864 383 899 414 of
920 383 975 414 the
999 383 1076 423 leaf,
1101 383 1180 423 they
1205 392 1260 413 are
1285 382 1407 421 oblong
1432 383 1496 413 and
1522 383 1636 422 nearly
1662 392 1696 413 as
1722 382 1824 413 broad
1843 391 1879 413 as
1893 382 1951 412 the

312 438 446 478 lamina,
483 437 518 467 of
550 436 657 467 which
693 436 771 476 they
801 444 896 474 carry
921 444 1016 474 away
1045 433 1100 464 the
1131 443 1234 474 upper
1265 438 1338 473 part
1363 433 1458 463 when
1484 433 1656 473 decaying,
1683 433 1821 471 causing
1845 432 1951 463 theirs

312 488 415 519 broad
451 488 562 528 apices
598 492 630 518 to
666 487 705 517 be
740 485 959 517 two-horned.
1007 485 1043 515 In
1081 494 1166 515 none
1197 484 1232 514 of
1254 494 1328 514 ours
1353 485 1537 524 specimens
1562 483 1589 514 is
1614 484 1669 514 the
1694 484 1787 524 point
1812 483 1952 523 perfect7

314 539 357 570 all
382 539 436 569 the
461 548 575 579 spores
600 548 648 569 we
673 538 757 568 have
782 546 859 568 seen
886 536 984 575 being
1009 535 1153 566 situated
1174 544 1213 565 on
1240 535 1294 565 the
1319 535 1421 574 edges
1445 535 1479 565 of
1501 534 1555 564 the
1580 544 1683 574 sorus,
1708 534 1814 565 which
1835 534 1892 564 has
1910 533 1948 564 it-

312 589 377 620 self
399 589 498 620 fallen
525 599 620 629 away
645 588 727 619 from
742 587 797 618 the
812 587 936 617 frondo.
954 606 991 609 Q
1004 586 1109 626 Folia,
1125 586 1163 617 de
1178 586 1293 626 quibus
1309 586 1359 617 hic
1374 585 1540 625 quaeritur,
1555 585 1696 625 duplicis
1714 589 1788 616 sunt
1806 584 1952 624 generis,

312 650 429 680 nempe
466 642 493 680 1)
531 640 610 670 folia
646 639 794 679 proxime
825 638 985 678 praeteriti
1011 638 1100 673 anni,
1126 647 1197 676 quae
1218 638 1287 676 jam
1314 636 1444 676 dejecta
1469 640 1563 667 erant
1587 645 1657 666 cum
1683 635 1951 676 fructificatione,

310 701 407 731 quam
443 691 678 731 produxerant,
714 693 746 720 et
782 689 812 729 2)
848 688 930 719 folia
964 688 1132 728 sequentis
1169 688 1258 728 anni,
1291 688 1449 727 bicornia,
1477 697 1548 727 quae
1572 687 1631 717 illa
1656 687 1687 717 in
1714 687 1863 726 apicibus
1890 696 1950 726 pro

313 751 401 772 more
438 745 652 781 portaverant
689 750 789 779 usque
825 740 857 770 in
884 740 1107 770 maturitatem
1133 742 1164 769 et
1187 748 1349 769 occasum.
1398 737 1655 769 Defoliationem
1682 742 1714 768 et
1741 737 1948 768 t'oliationem

313 792 346 823 in
371 797 509 831 utraque
533 791 644 832 specie
668 791 784 822 eodeni
809 790 906 821 modo
931 790 1020 830 fiere,
1046 789 1196 821 omnibus
1222 789 1319 820 facile
1345 793 1459 829 patere
1484 789 1657 819 credimus.
1864 788 1870 794 “

547 948 579 981 3.
635 943 888 980 LESSONIA
918 941 1376 979 LAMINARIAEOIDES
1411 942 1513 977 Post.
1544 942 1573 978 ὦ
1603 942 1717 990 Rupr.

466 1046 587 1081 Radix
629 1045 807 1081 distincte
850 1057 1012 1091 ramosa⁷
1054 1043 1147 1079 rami
1182 1043 1374 1089 ramulosi,
1411 1043 1543 1079 ramuli
1573 1043 1777 1078 haustoriis
1806 1042 1950 1078 donati.

312 1106 484 1141 Truncus
505 1105 652 1140 inferne
668 1110 782 1150 teres⁷
798 1103 1044 1151 subsimplex⁷
1061 1115 1180 1149 usque
1198 1105 1254 1149 275
1270 1115 1339 1137 cm.
1356 1102 1494 1149 longus
1512 1107 1549 1138 et
1565 1103 1663 1137 3—4
1680 1115 1765 1137 mm.
1783 1115 1951 1148 crassus,

313 1178 400 1200 mox
443 1177 607 1212 superne
649 1168 782 1210 quater
821 1168 858 1198 et
900 1162 1099 1210 quinquies
1141 1161 1394 1207 dichotomus7
1434 1161 1479 1197 ad
1510 1161 1761 1197 dichotomias
1797 1161 1951 1197 ultimas

313 1223 547 1259 semilineam
589 1222 738 1258 circiter
778 1221 888 1265 latus,
932 1220 1073 1256 cortice
1102 1220 1209 1255 fusco
1245 1220 1419 1266 vestitus⁷
1455 1220 1523 1255 sed
1551 1220 1695 1256 lacunis
1725 1220 1951 1267 mundisque

313 1295 459 1318 carens.
514 1280 678 1316 Medulla
706 1280 744 1314 in
774 1280 944 1315 sectione
974 1278 1092 1314 basali
1122 1278 1289 1326 oblonga
1318 1284 1356 1314 et
1383 1279 1559 1326 utrinque
1589 1279 1831 1314 acutiuscula.
1877 1279 1951 1314 Fo-

310 1341 360 1376 lia
399 1340 535 1387 (sicca)
578 1339 788 1381 chartacea,
818 1338 988 1385 margine
1021 1337 1278 1385 integerrima,
1313 1337 1581 1380 fuscescentia,
1616 1337 1950 1385 lineari-oblonga⁷

313 1412 433 1447 usque
482 1400 529 1434 60
578 1411 646 1433 cm.
689 1398 808 1444 longa
848 1402 886 1432 et
930 1398 1052 1432 7—10
1096 1409 1165 1432 cin.
1214 1397 1300 1440 lata,
1344 1396 1487 1443 majora
1527 1396 1722 1432 minorave
1764 1402 1802 1431 et
1843 1396 1951 1444 apice

312 1458 533 1506 plerumque
562 1456 818 1504 fragmentum
848 1455 930 1491 folii
959 1455 1141 1503 praeteriti
1170 1455 1257 1490 anni
1286 1455 1490 1502 portantia.
1534 1454 1750 1503 Sporangia
1775 1461 1813 1491 et
1840 1467 1950 1503 para-

311 1521 464 1553 nemata
491 1515 528 1551 in
559 1515 683 1550 media
710 1515 849 1550 lamina
878 1520 915 1550 et
943 1514 980 1549 in
1014 1519 1175 1561 utroque
1217 1514 1335 1549 latere
1366 1514 1530 1550 maculas
1561 1514 1774 1562 elongatam,
1806 1513 1945 1550 coloris

312 1574 550 1612 obscurioris
580 1573 795 1609 formantia.

366 1678 436 1715 Syn.
482 1679 622 1705 Lessonicc
658 1676 894 1703 Zamz'nariseoides
931 1675 1010 1702 Post.
1047 1679 1075 1702 et
1102 1676 1190 1712 Rupr.
1228 1675 1337 1703 Illustr.
1373 1676 1440 1711 Alg.
1466 1685 1532 1712 pag.
1560 1676 1577 1703 9
1602 1676 1660 1703 tab.
1688 1674 1835 1707 XXXVII,
1862 1675 1907 1711 fig.
1934 1684 1948 1701 e

577 1729 647 1759 (sec.
684 1727 709 1753 J.
746 1728 800 1762 Ag.
837 1727 918 1762 Spec.
953 1728 967 1753 1
994 1736 1021 1763 p.
1050 1727 1133 1759 152),
1166 1726 1251 1754 Kritz.
1277 1727 1358 1763 Spec.
1386 1737 1413 1763 p.
1440 1727 1510 1759 582,
1544 1726 1633 1762 Rupr.
1657 1726 1741 1761 Algae
1767 1726 1950 1754 Ochotenses

577 1777 731 1815 (Lessonz'a
754 1776 1023 1813 lamitzffl‘z‘oeformis)
1048 1779 1065 1810 §
1091 1777 1129 1804 29
1155 1787 1182 1813 p.
1210 1779 1279 1805 157.

466 1869 615 1906 Crescit
642 1868 864 1916 frequenter
883 1868 921 1902 in
941 1867 1034 1902 mari
1056 1867 1278 1915 Ochotensi,
1300 1873 1340 1904 ut
1358 1873 1521 1904 testatur
1541 1868 1647 1915 larga
1668 1868 1756 1904 inde
1777 1881 1797 1904 a
1817 1881 1950 1904 museo

311 1929 600 1977 Petropolitano
633 1933 791 1975 accepta
820 1926 1008 1963 collectio.

462 2029 540 2059 Haec
564 2028 693 2068 species
718 2027 831 2058 formae
856 2025 998 2057 tenuiori
1023 2026 1225 2057 Laminsm'ae
1249 2026 1448 2057 saccharum
1472 2030 1539 2057 tam
1558 2026 1751 2066 estsimilis,
1765 2029 1799 2056 ut
1813 2029 1951 2066 utraque

312 2080 410 2111 facile
435 2079 591 2110 confundi
617 2079 731 2119 possit,
756 2078 814 2109 sed
838 2081 971 2108 truncus
997 2081 1112 2116 quater
1125 2076 1175 2107 vel
1191 2077 1365 2116 quinquies
1383 2077 1589 2108 dichotomus
1610 2076 1755 2116 foliaque
1769 2076 1950 2117 geminata,

311 2131 430 2161 fissura
454 2130 678 2161 adscendente
704 2133 787 2167 orta,
822 2137 977 2167 magnam
1008 2127 1148 2158 offerunt
1172 2127 1403 2158 differentiam.
1450 2128 1509 2159 Est
1533 2128 1644 2167 itaque
1670 2137 1749 2158 vera
1772 2127 1955 2158 Lessowzz'a!

311 2181 502 2221 Sporangia
530 2184 562 2211 et
592 2184 810 2220 paranemata
834 2179 930 2219 hujus
954 2178 1077 2219 speciei
1102 2181 1177 2208 sunt
1202 2177 1268 2208 illis
1293 2178 1617 2210 Laminariacearum
1644 2177 1677 2208 in
1702 2187 1824 2217 genere
1849 2177 1951 2208 simil—

311 2232 400 2271 lima,
424 2231 482 2262 sed
506 2231 539 2261 in
565 2230 835 2270 Laminariaceis,
866 2239 936 2270 quae
961 2239 977 2260 e
1008 2229 1188 2268 longinquo
1214 2229 1430 2268 adportantur
1455 2233 1486 2260 et
1511 2238 1596 2269 aqua
1621 2228 1706 2259 dulci
1731 2228 1850 2259 lavatae
1864 2231 1950 2269 sunt,

312 2282 424 2313 horum
450 2291 649 2321 organorum
675 2282 814 2312 formam
840 2290 904 2311 non
929 2279 1027 2310 facile
1053 2283 1102 2310 est
1127 2280 1188 2310 rite
1214 2279 1447 2310 determinare.

462 2333 619 2363 Lessom'a
652 2334 842 2372 w‘yreseens,
868 2331 905 2362 L.
931 2330 1043 2362 Sulzriz'
1066 2339 1242 2370 earumque
1267 2331 1379 2360 formae
1412 2330 1532 2361 habent
1558 2340 1681 2370 omnes,
1709 2333 1864 2370 quantum
1891 2338 1951 2360 nos

311 2383 442 2422 quidem
480 2383 607 2423 experti
643 2393 764 2423 sumus,
800 2382 919 2413 callum
957 2380 1136 2411 radicalem
1175 2390 1328 2420 magnum
1355 2384 1387 2411 et
1412 2381 1456 2419 (in
1482 2381 1580 2421 sicco)
1610 2380 1835 2418 durissimum;
1872 2380 1949 2411 Les-

311 2435 405 2465 sonz'a
431 2434 617 2474 fuscesceus
654 2444 730 2465 vero
767 2436 799 2464 et
833 2433 872 2463 L.
909 2432 1177 2463 Zaminarz'ceoz'cles
1211 2431 1341 2462 radices
1371 2432 1556 2463 distinctas.
1605 2431 1675 2462 Illae
1712 2431 1833 2462 habent
1868 2429 1952 2460 folia

312 2494 434 2523 crassa,
469 2484 695 2525 subcoriacea;
732 2484 781 2514 hze
817 2483 897 2514 folia
927 2482 1173 2513 subchartacea.
1222 2482 1379 2513 Lessom'a
1412 2485 1505 2514 ovata
1539 2482 1657 2520 Hook.‚
1689 2482 1727 2512 L.
1753 2481 1951 2522 fuscescenti

311 2534 382 2565 sine
408 2534 613 2565 dubitatione
638 2535 800 2575 proxima,
825 2533 919 2564 nobis
944 2533 1074 2563 videtur
1098 2533 1226 2563 incerta
1250 2533 1387 2573 species.
